1666 3000
241 138 447 191 nvcnanlus
463 138 512 188 111.
527 140 584 189 422.
716 137 761 194 77,

79 272 116 321 'l'u
126 272 178 322 saca
187 280 321 335 utrumqne
329 284 378 319 nno
388 271 515 334 subjungas
525 268 619 317 nomine
629 282 708 315 eorum
717 284 725 321 ;

80 340 156 401 dique
166 336 285 393 animam,
297 335 360 384 verbi
369 334 457 394 caused,
468 350 541 398 quom
551 333 625 381 dicere
634 347 738 395 pergam,

78 400 358 459 Mcrulerneaaedccrns,
364 400 469 447 animum
475 413 568 462 qunque
575 396 649 444 dicere
655 396 747 451 crelae3

78 466 132 527 Qui
141 477 215 515 tenus
224 474 261 513 est
271 479 346 511 unum
354 464 413 513 inter
422 480 455 523 se,
467 464 633 524 conjunctaque
643 475 679 507 res
690 468 731 506 est.

106 529 239 595 Principio,
251 527 361 592 quoniam
371 537 465 576 tenuem
475 534 577 575 constare
587 524 683 572 minutis
698 524 746 571 426

77 592 221 659 cerporibus
230 592 309 652 docui,
316 593 438 655 multoque
448 592 575 639 minoribus
586 605 634 638 esse
696 620 700 629 ·

76 659 202 725 Principiis
210 658 305 715 facturn,
316 672 388 720 quam
397 656 500 720 liquidus
509 656 594 702 humor
603 653 682 716 aquai,

77 724 127 772 Aut
136 722 237 781 nebula,
248 730 290 769 aut
298 721 393 769 fumuae
404 735 460 767 nam
467 721 535 782 longe
546 718 673 767 mobilitate
699 718 747 766 429

77 788 187 845 lemur,
199 795 223 835 at
232 802 248 835 a
257 785 321 833 tmui
331 784 412 833 caused
421 784 503 847 magis,
514 784 568 843 iera,
579 790 701 835 moveture

76 852 136 915 (Qui
191 844 746 913 ubiimaginibusfuminebulaeque,moventur)

157 930 244 979 genua,
254 914 279 961 in
290 915 376 963 somnia
387 913 475 976 sopitei,
487 912 528 959 ubi
538 912 653 960 cernimus
662 911 709 957 alra

77 980 196 1029 Exhalare
205 994 290 1043 vapore
299 978 388 1037 deria,
396 978 500 1040 ferreque
509 976 617 1024 fumumr

79 1044 142 1093 Nem
151 1044 238 1109 procul
247 1043 298 1091 hec
306 1041 379 1090 dubio
389 1042 455 1090 nobis
465 1042 588 1089 simulacra
597 1048 713 1103 geruntur
723 1057 730 1086 r

79 1110 148 1157 Nunc
157 1108 242 1172 igitur,
253 1107 372 1171 quoniam,
383 1106 495 1169 quassatis
505 1105 608 1169 undique
619 1104 686 1163 vasis,
698 1106 746 1151 435

79 1173 192 1222 Diffluere
201 1174 333 1229 humorem,
345 1178 368 1218 et
377 1171 469 1218 laticem
480 1169 600 1228 discedere,
611 1169 683 1216 cernis
692 1184 699 1224 ;

79 1236 111 1285 bt
119 1236 216 1293 aebraia,
227 1250 255 1284 ae
264 1235 353 1292 fumus,
364 1234 475 1298 quoniam
484 1233 579 1281 discedit
588 1233 613 1279 in
624 1248 690 1279 aures
699 1249 707 1289 ς

78 1302 151 1351 Crede
161 1300 267 1349 animaru
277 1315 371 1363 quoque
380 1298 487 1357 diffundi,
498 1298 618 1360 multoque
628 1297 701 1360 perire

79 1366 168 1429 Omra,
179 1380 207 1413 ac
216 1364 284 1413 sidua
293 1363 385 1411 disolvi
396 1363 421 1409 in
431 1377 525 1425 corpora
535 1362 619 1425 prima,
699 1364 747 1409 4:11)

80 1430 160 1491 Quom
170 1430 244 1477 cernel
254 1444 284 1478 ex
293 1427 394 1475 hominia
402 1426 521 1484 membris,
532 1427 617 1485 ablata,
628 1426 725 1474 recessit.

80 1494 175 1559 Quippe
182 1502 206 1542 at
213 1493 285 1552 eninr,
293 1507 383 1555 corpus,
392 1491 455 1554 quod
464 1507 502 1539 vas
510 1490 576 1555 quasi
582 1491 682 1539 constitit
690 1491 748 1549 ejus,

81 1560 161 1619 Quam
172 1558 279 1606 cohibere
289 1557 378 1619 nequit,
390 1565 566 1619 conquassatum
577 1571 606 1604 ex
617 1555 696 1618 aliqud
707 1570 740 1612 re,

82 1624 117 1671 Ac
125 1622 275 1679 rarefactum,
286 1620 386 1668 detracto
397 1620 508 1682 sanguine
518 1621 589 1677 venis,

81 1688 143 1736 Adre
154 1688 198 1751 qui
208 1686 282 1735 credis
292 1700 357 1749 posse
367 1685 426 1732 hanc
437 1684 560 1732 cohiberier
570 1683 636 1730 ullo?

81 1752 183 1817 Corpore
193 1752 236 1815 qui
246 1759 324 1799 nostro
333 1765 398 1797 ranis
408 1749 483 1811 magis
492 1747 657 1794 incohibessit?
699 1747 747 1792 ‹145›

111 1816 236 1875 mm,
247 1814 312 1877 gigni
321 1815 404 1877 pariter
415 1828 469 1862 cum
480 1825 581 1873 corpore,
592 1819 619 1857 ut
628 1809 677 1857 und

81 1880 187 1929 Crescere
197 1880 317 1937 sentimus,
328 1878 459 1942 pariterque
469 1890 591 1933 senescere,
601 1883 710 1922 mentem.

82 1946 155 2003 Nam,
168 1944 231 2017 seint
239 1942 333 2017 infirmo
342 1943 429 2006 puerei,
441 1951 572 2015 teneroqne,
584 1948 696 2003 vagmtur

80 2008 657 2133 mmmmm
699 2073 747 2119 m

33 2187 35 2198 ,
83 2136 214 2185 dmidium
224 2150 317 2199 quoque
327 2137 412 2196 majus,
424 2142 448 2181 et
458 2135 545 2182 auctior
555 2144 589 2183 est
599 2136 672 2184 animi
682 2137 731 2184 vis:

33 2211 35 2218 ·
83 2200 147 2261 Post,
159 2200 202 2249 ubi
209 2201 260 2262 jem
270 2199 351 2247 validis
377 2207 494 2247 cassatum
502 2208 536 2247 eat
546 2201 632 2251 viribus
643 2201 686 2249 {evi

33 2276 35 2283 '
82 2264 181 2330 Carpus,
192 2272 216 2313 et
225 2264 312 2313 obtusis
322 2216 452 2312 ceciderunt
462 2264 547 2313 viribus
557 2276 637 2323 artua;

83 2328 208 2379 cluam
215 2328 344 2403 ingenium,
355 2327 437 2376 delirat
446 2328 580 2393 linguaque,
591 2344 717 2392 mensquer

83 2392 172 2443 omis
181 2392 300 2452 dederunt,
311 2400 381 2455 arque
390 2408 438 2441 uno
448 2402 551 2458 tempore
560 2393 650 2441 daune
701 2389 749 2437 455

83 2458 148 2521 Ergo
157 2456 251 2505 dissolu
260 2472 353 2521 quoque
363 2458 468 2506 convenit
478 2472 572 2504 omnem
582 2458 669 2503 animai

82 2521 615 2596 Nanarm,ceufurnusinaltesadrisauras=
