1666 3000
93 132 123 176 52
261 131 465 179 LUCRE'FIUS.
484 132 519 178 ΙΙ.
537 131 593 186 718.

128 259 181 314 Sed,
193 275 221 307 ne
233 260 289 307 forte
300 271 365 324 putes
376 261 484 307 animalia
495 261 543 306 sola
553 258 626 306 teneri
717 256 738 310 7]

95 324 196 386 Legibus
207 326 259 381 hiis,
272 327 378 388 quaedam
389 326 446 372 ratio
457 325 600 371 disterminat
610 319 707 369 omneis·

94 387 167 447 Nam,
178 390 262 437 velutei
272 388 319 437 toti
330 390 412 437 naturis
422 389 542 436 dissimiles
552 396 607 436 sunt
716 383 738 438 75

95 453 160 501 Inter
169 469 193 502 se
203 454 285 528 gmitae
296 469 331 501 res
340 469 448 517 qunque,
459 453 492 500 isa
501 466 621 516 quomque
630 461 738 498 necesses

95 515 210 565 Dissimili
220 526 322 566 constare
332 518 407 581 figurb
418 516 599 580 principiorum

96 579 161 640 Non,
172 597 219 645 quo
231 582 306 629 multa
316 598 399 645 parum
409 581 479 629 simili
489 582 535 628 sint
545 579 642 643 praedita
652 574 738 625 formis

94 645 149 704 Sed,
160 645 223 710 quod
234 661 281 693 non
291 647 358 709 volgo
369 646 433 708 paria
442 645 550 692 omnibus
559 643 639 692 omnia
649 649 738 690 constes

93 710 187 758 Semina
197 727 269 774 quom
279 726 347 775 porro
358 710 450 769 distent,
462 709 551 757 differre
562 722 653 756 neeesse
663 714 698 755 est
713 704 739 759 75

95 774 227 836 Intervalla,
238 776 295 834 vias,
306 790 431 834 connexus,
442 773 551 838 pondera,
562 771 653 847 plagas,

92 838 231 897 Concursus,
243 848 336 896 motus3
354 855 407 901 quse
418 854 465 885 non
476 836 585 885 animalia
596 836 673 883 solum

93 902 196 966 Corpora
205 906 338 965 sejungunt,
349 903 389 950 sed
399 912 470 950 terras
481 918 507 949 ac
517 916 580 948 mare
591 909 669 948 totum

91 967 225 1024 Secernunt,
237 967 387 1028 ooelumquea
399 967 463 1014 terris
473 981 541 1013 omne
552 972 675 1013 retentant.

123 1029 195 1078 Nunc
203 1045 254 1092 age,
265 1031 333 1087 dicta,
344 1045 396 1077 meo
406 1030 469 1077 dulci
479 1029 575 1093 quaesita
584 1029 673 1089 labore,
712 1024 739 1081 7³

91 1094 200 1169 Pereipe:
214 1109 244 1141 ne
254 1094 312 1141 forte
321 1094 371 1142 hac
381 1095 439 1142 albis
450 1110 480 1142 ex
490 1094 543 1142 alba
553 1094 623 1141 rearis

88 1157 210 1221 Principiis
221 1174 276 1216 asse,
287 1167 341 1206 ante
351 1159 428 1206 oculos
438 1175 491 1223 quae
501 1157 598 1206 candida
608 1156 701 1215 cernis3

88 1223 138 1269 Aut
148 1238 184 1282 ea,
194 1239 247 1287 quse
257 1223 357 1286 nigrant,
368 1223 434 1286 nigro
445 1223 474 1270 de
484 1221 570 1270 semine
580 1230 652 1270 nata:

89 1286 155 1334 Neve
165 1287 237 1334 alium
249 1303 319 1351 quem
330 1287 365 1335 vis
375 1304 428 1351 quae
438 1296 492 1334 sunt
501 1286 581 1333 inbuta
591 1286 701 1347 colorem,

88 1351 211 1413 Propterea
221 1367 298 1414 gerere
308 1351 372 1399 huno
382 1351 468 1411 credes,
479 1350 542 1414 quod
552 1349 659 1398 materiai
710 1348 739 1407 73

91 1416 126 1463 co
154 1430 193 1463 ora
203 1414 316 1463 consimili
326 1415 372 1463 sint
382 1417 432 1477 ejus
442 1415 513 1464 mosa
523 1416 605 1463 colore.

89 1479 115 1526 N
150 1495 177 1527 us
186 1479 248 1528 enim
259 1480 320 1528 color
330 1488 364 1528 est
374 1479 468 1528 omnino
478 1479 583 1528 materiai

88 1542 236 1609 Corporibus,
248 1558 323 1607 neque
333 1560 376 1607 par
386 1545 462 1604 rebus,
470 1559 546 1608 neque
556 1542 656 1608 denique
666 1543 739 1610 dispar

88 1607 119 1655 In
130 1623 183 1672 quae
194 1624 288 1684 corpora
297 1608 317 1656 si
327 1609 407 1656 nullus
418 1608 460 1657 tibi
470 1609 529 1656 sorte
539 1607 629 1656 videtur

88 1671 159 1720 Posse
169 1673 241 1720 animi
250 1673 347 1735 injectus
357 1672 414 1731 fieri,
425 1673 505 1736 procul
515 1672 580 1720 avius
592 1688 660 1722 erras.
710 1674 739 1729 74

88 1736 161 1797 Nam,
173 1753 244 1801 quom
255 1737 382 1800 megensi,
393 1737 446 1785 solis
457 1737 510 1801 quei
521 1738 617 1784 numina
626 1752 739 1802 numquar

88 1800 229 1878 Despenere,
241 1812 318 1851 tamen
329 1812 464 1865 cognoscant
474 1817 568 1865 corpora
579 1808 651 1862 tactu,

86 1864 127 1913 Ex
138 1876 231 1914 ineunte
241 1883 290 1914 aevo
300 1866 366 1914 nullo
375 1868 497 1928 conjuncta
507 1865 598 1921 colore;

87 1928 150 1977 Scire
159 1930 220 1988 licet,
232 1939 315 1978 nostrae
325 1946 417 1994 quoque
428 1930 500 1979 menti
510 1944 604 1992 corpora
613 1944 681 1994 posse

86 1991 154 2039 Vorti
164 1993 188 2039 in
201 1994 315 2051 notitiam,
326 1994 391 2041 nullo
401 1994 528 2043 circumlita
537 1994 599 2041 suco.
707 1996 738 2051 74

87 2055 203 2129 Denique,
215 2071 256 2103 nos
267 2057 332 2119 ipsei,
343 2058 407 2105 cacis
417 2074 587 2132 quoquomque
597 2059 697 2108 tenebris

88 2119 227 2182 Tangrmus,
239 2118 302 2166 haud
313 2121 363 2166 ullo
373 2130 485 2169 sentimus
496 2123 567 2170 tincta
576 2121 658 2170 colore.

119 2183 199 2242 Quod,
211 2183 319 2246 quoniam
330 2185 396 2231 vinco
405 2185 463 2244 fieri,
475 2200 536 2235 nunc
547 2201 594 2234 esse
604 2185 699 2237 docebo.

87 2246 172 2296 Omnis
181 2247 242 2294 enim
254 2247 314 2293 color
325 2249 419 2295 omnino
428 2258 532 2297 mutatur
542 2251 567 2298 in
577 2252 682 2308 omneis3

84 2312 154 2372 Quod
165 2311 238 2359 facere
247 2309 310 2358 haud
321 2311 370 2358 ullo
379 2312 463 2360 debent
473 2314 597 2376 primordia
607 2324 674 2378 pacto
684 2334 691 2364 r
706 2317 739 2372 75

87 2376 228 2425 Inmutabile
239 2375 302 2422 enirn
313 2375 424 2438 quiddam
435 2393 542 2441 superare
552 2393 643 2427 necesse
653 2389 696 2442 eet,

85 2439 123 2489 Ne
133 2457 169 2489 res
179 2440 209 2488 ad
219 2440 319 2488 nihilum
328 2439 461 2503 redigantur
471 2442 575 2490 funditus
585 2458 672 2492 omnes.

84 2503 157 2563 Nam,
169 2505 348 2569 quodquomque
358 2506 405 2553 suis
415 2514 533 2554 mutatum
543 2507 628 2556 finibus
638 2509 696 2571 exit,

84 2568 200 2618 Continuo
209 2570 253 2618 hoc
264 2583 325 2616 mors
336 2578 370 2616 est
380 2569 450 2629 illius,
462 2571 525 2634 quod
535 2570 580 2618 fnit
594 2579 655 2619 ante.

83 2632 190 2694 Proinde,
202 2633 275 2683 colore
284 2648 338 2682 cave
348 2634 482 2698 continguas
492 2635 675 2698 seminatorum,
704 2639 740 2695 761·
