1666 3000
106 349 152 397 11⁰
254 345 456 396 LUCRETIUS.
473 346 521 396 lv.
537 348 594 397 45⁶.

134 475 252 541 Denique,
261 490 334 540 quom
342 475 408 525 suevi
416 475 774 553 devinxitmembraeoporedd?

102 540 725 605 Sornnueetinrummdoorpuejaoetomnequreter

101 604 168 655 Tum
178 606 274 670 vigilare
283 614 361 653 umen
371 605 447 663 nobie,
455 621 482 653 ao
491 608 599 653 membra
607 621 702 655 movere

100 670 319 725 Nostravidenturr
336 669 394 717 etin
409 669 481 716 noetis
492 669 661 732 ealigineceed

100 735 199 783 Cernere
209 750 328 783 tensanus
338 733 419 793 eolem,
429 733 556 796 lumenque
566 734 681 783 diurnum
689 752 698 783 r

100 798 487 863 Conelueoqueloooeuiummare,
496 798 717 860 fluminnmonteie,
724 800 770 849 4⁰⁰

99 863 204 922 Mutare,
215 872 239 911 et
246 878 339 926 oempoe
348 862 446 926 pedibue
456 862 559 921 morire,
571 863 697 922 videmurr

98 926 133 976 Et
142 928 231 977 tonitue
241 928 328 989 audire,
339 942 417 975 revera
426 927 517 975 nlenoa
526 926 600 975 noetio

98 992 210 1057 Undiqno
220 1007 291 1056 quom
299 1000 417 1048 noneterrtr
435 999 458 1038 et
467 991 561 1039 reddere
570 990 633 1041 diota
640 1000 748 1043 nemea

130 1057 220 1105 Cetera
229 1056 259 1104 de
268 1071 351 1120 genere
361 1056 405 1103 hoc
414 1054 518 1103 mirande
528 1055 605 1104 multa
614 1057 729 1112 videmus,

97 1119 159 1179 Quae
163 1121 247 1169 violare
253 1120 322 1168 fidem
330 1120 397 1182 qnasi
402 1119 716 1185 sensibusomniaqnaernnt:
724 1123 770 1171 465

97 1184 281 1249 Nequidquam
299 1184 409 1247 quoniam
420 1183 567 1247 parthorum
578 1186 686 1235 maxime
694 1186 754 1235 fallit

97 1249 195 1314 Ptopter
204 1248 312 1313 opinetur
323 1248 404 1307 animi,
416 1263 475 1311 quos
485 1248 593 1296 addimur
603 1250 672 1313 ipeei,

96 1313 145 1362 Pro
152 1314 206 1363 viri·
215 1322 243 1361 ut
253 1313 305 1369 rint,
317 1328 371 1377 quoe
380 1327 428 1360 non
438 1320 493 1359 sunt
502 1313 606 1361 rensibus
616 1314 674 1363 usn.

95 1376 728 1445 Nemnihilaegnueeetqunmreeseeernereopeme

94 1441 136 1489 Ab
146 1441 230 1498 dubiis,
240 1443 332 1490 animur
343 1457 401 1505 quas
408 1443 438 1488 ab
447 1456 472 1488 se
479 1442 585 1504 protinus
596 1443 670 1491 obdit.
719 1444 766 1500 470

126 1504 242 1569 Denique,
249 1506 309 1553 nihil
315 1505 393 1554 ecirisi
401 1505 453 1568 quir
464 1514 540 1569 putat,
550 1506 576 1553 id
584 1522 680 1570 quoque
687 1508 767 1569 nertit,

93 1569 295 1632 Anroiripoeeitr
313 1569 664 1633 qnoniamnihilecirefatetur.

93 1632 166 1682 Hanc
175 1633 246 1697 igitur
256 1642 335 1682 oontrn
344 1633 436 1681 mittam
447 1635 582 1683 contendere
592 1651 708 1696 neumam,

92 1697 143 1758 Qui
153 1698 227 1763 eapite
236 1697 287 1762 ipre
296 1712 338 1745 nuo
348 1698 373 1744 in
383 1698 464 1746 statuit
474 1699 569 1762 vestigio
578 1715 634 1748 rere.

91 1761 126 1811 nt
136 1771 214 1813 tamen
229 1762 273 1812 hoe
284 1777 377 1827 quoque
386 1762 435 1810 utei
445 1763 568 1811 concedam
578 1764 645 1824 seire,
656 1772 682 1813 et
690 1765 717 1814 id
730 1765 765 1831 ip-

188 1842 242 1877 rum
716 1832 763 1886 475

91 1892 212 1952 Querem,
223 1907 295 1958 quom
303 1891 328 1940 in
336 1892 404 1940 rebus
414 1891 462 1939 veri
472 1891 530 1939 nihss
538 1892 620 1943 viderit
630 1902 693 1952 ante,

90 1956 161 2006 Unde
171 1959 235 2018 erint,
244 1957 301 2022 quid
309 1957 340 2005 eit
350 1957 414 2016 voire,
426 1965 449 2004 et
459 1957 544 2004 nescire
552 1957 668 2007 vicissim:

90 2020 208 2070 Notitiam
218 2023 266 2070 veri
276 2038 329 2087 quae
339 2036 383 2080 res,
395 2021 503 2084 salsique,
515 2022 611 2079 crearitr

89 2083 123 2133 Et
131 2085 230 2134 dubium
241 2096 301 2134 certo
312 2102 366 2149 quae
375 2102 410 2134 res
421 2085 511 2133 differre
521 2087 630 2149 probarit

121 2149 228 2198 Invenies
235 2151 316 2213 primis
327 2151 470 2198 absentibus
481 2166 528 2198 esse
538 2159 640 2201 creatam
713 2156 761 2205 480

87 2211 204 2260 Notitiam
214 2215 270 2271 veri,
281 2229 297 2260 n
326 2230 357 2262 ue
364 2230 443 2262 sensus
454 2230 520 2278 posse
529 2215 619 2265 refelli:

86 2276 152 2324 Nam
162 2277 249 2337 majnre
259 2230 382 2326 fideedebet
391 2279 508 2342 reperirier
518 2280 586 2340 illud,

85 2341 173 2405 Sponte
184 2341 227 2388 eud
237 2343 296 2390 veris
307 2342 369 2405 quod
380 2343 452 2406 possit
460 2344 550 2391 vincere
560 2345 627 2394 false.

85 2404 151 2464 Quid
161 2406 248 2466 majore
258 2406 303 2454 fide
313 2421 389 2469 porro,
401 2423 472 2470 quam
482 2424 568 2465 senous,
579 2409 661 2460 haberi

84 2469 180 2520 Debet?
196 2484 226 2517 an
237 2472 268 2518 eb
278 2485 347 2519 eeneu
357 2470 414 2518 falso
425 2472 483 2521 ratio
493 2481 542 2520 orto
552 2475 638 2523 valebit
707 2478 757 2527 485

84 2533 167 2584 Dicere
177 2549 216 2583 eor
226 2543 310 2591 eontra,
322 2551 374 2610 que
385 2544 433 2583 tote
443 2539 472 2584 ab
483 2537 587 2585 rensibus
597 2550 648 2588 orte
658 2545 712 2592 ert?

83 2598 147 2658 Quei
156 2599 202 2648 niti
212 2609 265 2648 runt
274 2616 343 2659 verer,
354 2600 411 2648 ratio
420 2617 513 2665 quoque
519 2602 578 2650 falsa
585 2602 612 2652 fit
622 2607 707 2655 omnir.

81 2664 124 2710 An
134 2673 242 2727 poterunt
252 2667 330 2714 oculos
340 2681 406 2713 aures
417 2665 598 2728 reprehendere?
615 2684 646 2717 nn
656 2672 734 2721 aureis

82 2726 191 2776 Tactus?
209 2746 238 2777 an
249 2731 311 2778 hunc
321 2746 388 2794 porro
399 2739 485 2778 tactum
496 2746 563 2793 sapor
573 2744 655 2795 arguet
665 2737 728 2793 orie;

82 2788 122 2836 An
134 2793 285 2842 oonfutabunt
296 2811 369 2855 nares,
381 2795 481 2842 oculeive
492 2796 625 2844 revincent?
706 2804 755 2851 490

77 2854 143 2917 Non,
151 2865 177 2905 ut
183 2859 273 2921 opinor,
280 2859 312 2908 ita
320 2868 367 2908 est:
377 2875 430 2908 nam
437 2874 537 2907 seorsum
546 2861 753 2927 quoiquepotestas
