1666 3000
80 118 98 163 11
264 112 463 162 LUCRETIUS.
481 112 500 160 l.
519 114 574 160 168.

82 245 184 307 Quippe,
196 243 237 290 ubi
247 257 294 289 non
305 253 377 290 essent
388 243 495 306 genitalia
507 257 601 304 corpora
611 242 720 304 quoique,

84 311 135 368 Qui
146 316 221 370 posset
231 316 304 354 mater
314 310 381 354 rebus
392 308 511 354 eonsistere
522 309 598 353 certa?

83 376 118 423 At
129 387 199 430 nune,
208 371 332 420 seminibus
338 373 393 434 quia
401 371 466 419 certis
475 386 572 433 quaeque
580 378 695 429 creantur,
705 369 747 423 17⁰

85 436 145 486 Inde
155 435 276 495 enascitur,
287 445 356 500 atque
366 451 416 484 oras
426 435 451 482 in
461 434 556 482 luminis
567 434 623 488 exit,

85 499 197 550 Motene
206 499 249 548 ubi
257 499 316 549 inest
326 499 463 563 quoiusque,
474 507 497 546 et
507 513 601 561 corpora
610 497 702 562 primae

86 566 168 628 Atque
177 563 221 612 hae
230 579 255 612 re
264 573 383 628 nequeunt
392 579 420 612 ex
431 563 539 611 omnibus
546 561 626 610 omnia
635 560 711 624 gigni,

87 628 160 690 Quod
170 628 236 677 sertis
246 628 272 676 in
279 631 347 676 rebus
357 627 416 676 inest
425 635 510 675 secreta
519 626 624 675 senalus.

120 693 242 751 Praeterea,
250 708 312 756 quur
321 708 373 741 vere
383 707 467 751 ruant,
478 691 595 739 frumenta
603 689 688 750 eslere,
704 687 747 744 111

88 757 164 807 viteis
174 765 299 805 auaurnno
306 755 375 804 farndi
384 755 493 805 suadente
503 755 624 811 videmusr

89 822 116 872 Si
126 836 181 880 non,
194 830 255 869 eerta
265 836 308 868 suo
317 821 373 883 quia
383 829 485 883 ternpore
494 819 582 867 semina
591 833 669 866 rerum

89 885 171 945 Quom
182 884 349 943 eonfluxerunt,
366 885 444 946 patefit
454 883 615 946 quodcumque
625 889 722 941 amur,

10 992 21 1003 ,,
31 989 35 999 ι
91 949 159 997 Dum
169 956 314 1013 tempestates
324 947 416 1006 adsum,
427 956 450 995 et
459 947 536 1000 vivida
546 947 615 995 tellus

91 1012 156 1061 Tuta
166 1025 202 1059 res
212 1019 300 1061 tenera
310 1011 379 1059 ecfert
388 1010 519 1059 inlumina
529 1010 596 1059 oras?
712 1009 747 1058 181

92 1075 174 1136 Quod,
185 1074 205 1123 si
214 1075 244 1123 de
254 1075 326 1127 nihilo
336 1075 424 1134 flerent,
435 1075 511 1123 subite
523 1083 671 1123 exornentur

93 1139 185 1189 Incerto
194 1139 277 1202 spatio,
288 1148 358 1204 atque
368 1139 447 1187 alienis
457 1139 562 1202 partibus
572 1139 642 1187 anni:

93 1204 189 1279 Quippe
198 1203 240 1251 nbi
250 1204 315 1251 nulla
325 1203 399 1251 forem
408 1203 541 1267 primordia,
552 1219 606 1267 quas
615 1202 711 1267 genitali

92 1268 197 1321 cumdio
207 1277 298 1331 possent
308 1267 378 1329 areeri
388 1275 491 1331 tempore
499 1268 587 1331 iniquo.

128 1333 179 1380 Nee
187 1347 255 1395 porro
265 1331 375 1394 augendis
384 1333 453 1380 rebus
464 1330 536 1396 spatio
547 1332 605 1380 foret
614 1347 671 1379 usus
712 1332 747 1380 111

95 1396 194 1447 Seminis
204 1395 235 1443 ad
244 1397 338 1456 coitum,
349 1411 363 1443 e
372 1396 445 1444 nihilo
455 1396 475 1444 si
485 1411 582 1444 erescere
591 1404 691 1459 possent.

94 1461 160 1510 Nam
172 1460 252 1508 fierent
259 1461 355 1522 juvenes
364 1460 440 1509 subito
450 1476 480 1508 ex
487 1460 613 1508 infantibus
623 1459 711 1523 parvis,

95 1525 119 1574 E
130 1525 244 1588 ternique,
260 1534 339 1573 exorta
349 1533 449 1588 repente,
460 1526 553 1573 arbusta
563 1524 669 1572 salirent:

96 1589 205 1649 Quorum
216 1588 275 1636 nihil
284 1587 334 1637 fieri
343 1589 491 1636 manifestum
502 1601 544 1646 est,
555 1589 633 1636 omnia
643 1588 739 1651 quando

97 1653 224 1703 Paullatim
234 1661 346 1712 creseunt,
356 1661 384 1701 ut
393 1669 435 1716 par
445 1661 487 1712 est,
499 1652 586 1700 semine
596 1661 672 1708 certae
715 1654 747 1704 19

55 1749 58 1769 t
97 1719 274 1782 crescentesque
283 1733 356 1781 genus
365 1725 468 1768 servant:
486 1725 513 1764 ut
523 1731 614 1764 noscere
623 1717 698 1780 possis

97 1783 209 1847 Quidque
219 1782 261 1831 sud
270 1782 300 1831 de
309 1781 405 1831 materie
414 1780 568 1844 grandescere,
579 1781 663 1844 alique.

110 1857 113 1862 “
132 1848 188 1896 Huc
197 1847 295 1906 adsedit,
306 1847 362 1905 etei,
372 1847 423 1895 sine
433 1846 498 1894 aeriis
508 1845 622 1893 imbribus
631 1845 696 1908 unni,

98 1911 213 1959 Iaoetifieos
223 1921 322 1974 nequeat
331 1911 391 1959 fenus
401 1910 534 1959 submittere
544 1910 628 1967 tellus3

98 1975 150 2023 Nee
160 1989 235 2037 porro,
247 1983 331 2023 secreta
340 1975 399 2033 cibo,
414 1984 497 2023 natura
506 1974 651 2022 anbnantum
718 1976 747 2026 lu

100 2039 231 2100 Propegare
241 2052 315 2100 genus
324 2040 404 2102 possit,
414 2039 532 2101 vitamque
542 2038 615 2086 tuerit

100 2103 136 2150 Ut
145 2101 222 2164 potius
231 2100 311 2148 multis
321 2102 444 2150 ennmunia
454 2117 548 2164 corpora
557 2105 626 2150 rebus

101 2165 181 2214 Multa
191 2172 258 2228 putes
268 2179 324 2221 esse,
335 2172 363 2212 ut
372 2165 446 2230 serbis
457 2165 569 2231 elementa
579 2167 692 2227 aidanus,

101 2229 181 2289 Quam
192 2229 240 2276 sine
249 2222 507 2293 principiis‘ullamffem
518 2230 624 2279 exsistere
634 2247 707 2294 poue.

134 2292 251 2355 Denique,
262 2308 323 2355 quur
332 2293 437 2341 homines
448 2302 522 2341 tantos
532 2305 614 2342 natura
624 2311 704 2358 parare
715 2298 747 2345 20

102 2358 159 2406 Non
169 2356 252 2420 potuit,
263 2356 360 2419 pedibus
370 2357 423 2420 quei
433 2367 531 2420 pontum
541 2374 582 2420 per
592 2360 652 2407 vada
661 2375 747 2422 possen

102 2421 219 2481 inaurire,
230 2429 253 2469 et
262 2436 358 2484 magnos
368 2422 475 2470 manibus
485 2422 591 2470 divellere
600 2425 708 2487 monteie,

103 2485 229 2550 Multaque
238 2484 335 2534 vivendo
344 2486 423 2534 vitalia
432 2487 520 2534 vincere
531 2487 604 2545 seclae

103 2549 129 2598 Si
140 2565 194 2610 non‚‘
206 2549 310 2601 materies
320 2550 375 2615 quia
385 2553 452 2599 rebus
462 2550 550 2599 reddita
560 2559 620 2600 certa
629 2560 664 2601 est
723 2593 725 2599 .

104 2613 246 2678 fflgnundis,
256 2629 271 2663 e
280 2615 328 2680 qul
337 2623 425 2667 wurtat
434 2614 491 2679 quid
500 2615 571 2680 possit
580 2615 651 2665 oriri?
716 2618 747 2667 Ἅι]
