1666 3000
136 118 168 175 74
298 117 503 169 LUCRETIUS.
521 117 570 165 111.
586 117 644 165 310.

135 249 228 296 Naturi
239 249 368 314 quoiusque
378 247 450 296 animi
460 247 554 310 vestigia
566 245 657 310 primae
757 244 804 291 310

135 314 186 360 Nec
194 314 301 362 radicitus
312 315 378 362 evelli
388 313 450 360 mela
460 329 526 376 posse
536 311 668 375 putandum
679 316 722 367 est,

135 379 202 433 Quin
212 380 334 442 proclivius
344 380 401 426 hicc'
412 379 458 424 iras
468 378 573 425 decurret
583 375 612 423 cd
623 373 710 429 ocreis;

134 444 182 492 Ille
192 452 256 492 metu
266 444 333 492 citius
343 443 422 508 puullo
433 450 532 489 tentetur
541 457 549 498 ς
561 449 586 488 ct
595 440 636 487 ille

134 508 229 557 Tertius
239 508 338 572 sdcipiut
348 506 454 571 quedem
464 505 600 554 clementius
610 517 693 567 equor

135 573 213 637 Inque
222 572 274 621 eliis
282 574 351 621 rebus
361 570 441 620 multis
450 571 541 618 differre
552 584 643 617 necesse
652 576 688 615 est
752 566 802 614 81⁸

135 637 239 685 Naturae
249 637 371 685 bominum
380 635 463 695 vanu,
473 648 594 698 moresque
604 630 737 696 sequaceise

136 703 245 758 Quorum
256 717 299 765 ego
309 716 371 749 nunc
381 715 470 764 nequeo
480 714 550 747 caecss
560 711 676 761 exponere
685 710 785 757 munes,

132 766 187 815 Nec
196 767 294 830 reperire
305 766 430 829 figurarum
441 773 475 812 tot
485 763 587 821 nomine,
599 768 657 826 quot
666 768 723 810 sunt

134 831 265 895 Principiis,
277 830 339 878 unde
348 830 398 878 huc
407 829 479 877 oritur
488 825 599 876 variantia
609 840 696 874 rerum.

167 895 232 943 lllud
242 894 267 941 in
277 893 322 941 hiis
332 896 400 941 rebus
411 893 488 942 videor
498 892 596 939 formare
606 898 713 967 potem
752 889 801 937 320

132 961 215 1023 Usque
225 958 281 1005 odeo
292 966 426 1005 naturarum
437 957 532 1020 vestigio
540 956 617 1019 linqui

137 1023 244 1080 Pervols,
257 1036 309 1084 quoe
319 1029 417 1086 nequest
427 1022 485 1069 ratio
495 1020 609 1085 depellere
619 1018 703 1077 dictier

132 1086 170 1136 Ut
180 1086 238 1133 nihil
248 1085 351 1148 inpediet
361 1086 455 1149 dignum
466 1085 520 1133 Diis
529 1085 612 1148 degere
621 1084 702 1133 ritem.

167 1152 226 1199 Hcec
235 1149 307 1214 igitur
318 1159 401 1198 nature
411 1159 500 1198 tenetur
510 1164 603 1213 corpore
613 1151 643 1197 eb
654 1147 737 1198 omnic

133 1216 148 1263 I
206 1213 713 1278 uecorporisestcustomtccusessulutise
752 1212 801 1263 825

134 1231 363 1329 immunibus
373 1280 432 1327 inter
442 1296 466 1328 se
475 1279 589 1327 radicibus
599 1277 697 1337 hermu,

134 1343 187 1392 Nec
197 1343 247 1391 sine
256 1344 356 1406 pernicie
366 1343 444 1392 divelli
454 1359 520 1419 posse
529 1343 644 1391 videntur.

134 1408 207 1464 Quod
216 1420 298 1519 penus,
309 1423 323 1456 e
333 1408 390 1455 turis
400 1409 473 1471 glebis
483 1408 578 1456 evellere
588 1407 683 1455 odorem

132 1471 209 1521 Haud
228 1472 284 1520 ecile
295 1481 337 1532 est,
349 1472 406 1534 quin
416 1472 512 1520 interest
522 1482 605 1520 nature
615 1485 709 1535 qnoque
719 1471 786 1533 ejusr

135 1537 174 1586 Sic
183 1536 255 1584 sninri
265 1545 335 1600 elque
345 1538 428 1585 enimn
438 1546 545 1585 naturum
556 1551 649 1613 corpore
660 1544 710 1584 toto
751 1536 802 1585 ΒΜ

135 1601 264 1651 Extrehere
273 1600 337 1648 hcud
347 1600 414 1649 facile
423 1608 465 1657 est,
475 1601 532 1677 quin
542 1616 622 1649 omme
628 1599 803 1658 dirmlumm

134 1666 240 1731 Inplexis
250 1667 283 1714 ite
292 1665 410 1730 principiis
420 1668 449 1713 eb
460 1666 547 1729 origine
556 1664 633 1729 prims

134 1731 200 1780 Inter
210 1746 235 1780 se
244 1730 305 1779 flunt
315 1730 412 1779 consorti
422 1730 518 1794 prendite
529 1729 593 1777 ritis

134 1796 188 1845 Nec
199 1796 242 1844 sibi
253 1810 357 1860 queque,
368 1795 417 1844 sine
427 1794 520 1842 ulterius
529 1794 561 1850 vi,
571 1809 638 1858 posse
647 1794 740 1843 videtur

135 1860 251 1923 Corporis,
264 1870 333 1924 atque
344 1860 425 1920 enimi,
437 1874 539 1908 seorsum
550 1867 652 1907 concurs
662 1867 778 1923 potestur

134 1924 181 1971 Sed
189 1925 341 1973 conmuuibus
348 1926 408 1972 inter
417 1939 455 1972 eos
465 1923 577 1972 conflsbrr
586 1922 706 1988 utrimque
752 1924 803 1973 ΞΜ

135 1986 251 2046 Motibus,
261 1987 372 2037 adcensus
382 1988 448 2036 nobis
458 2004 500 2052 per
509 1987 603 2047 viscere,
614 2002 703 2036 merie

168 2051 292 2111 Praeterea,
303 2068 386 2116 corpus
395 2068 468 2115 perse
478 2067 521 2100 nec
530 2052 635 2116 gignitur
644 2060 775 2116 umquem,¹

133 2112 186 2163 Nec
196 2114 284 2174 crescit,
295 2129 369 2178 neque
379 2125 431 2179 post
440 2125 538 2164 mortem
548 2117 632 2165 durere
638 2116 738 2167 ridetur.

133 2178 190 2227 Non
200 2178 272 2238 enim,
279 2179 398 2227 uthumor
408 2196 483 2243 uquae,
494 2181 590 2229 dimittit
600 2196 662 2246 serpe
670 2196 780 2245 teporem

131 2242 183 2301 Qui
192 2242 260 2291 dctus
270 2251 312 2302 est,
324 2259 399 2307 neque
409 2245 437 2292 eb
447 2246 527 2294 currui
536 2247 673 2295 convellitur
682 2246 741 2310 ipse,
750 2246 798 2295 841

133 2307 179 2356 Sed
190 2316 268 2356 menet
277 2307 412 2356 incolomis:
424 2323 479 2368 non,
490 2309 595 2374 inquam,
607 2310 639 2359 sic
649 2310 739 2359 enirnei

133 2372 265 2421 Discidium
275 2381 372 2436 possunt
382 2383 445 2421 setus
454 2374 554 2436 perterre
563 2375 664 2432 relictei3

136 2437 183 2485 Sed
192 2437 284 2501 penitus
290 2446 387 2501 pereunt
396 2438 517 2498 corrobei,
528 2453 617 2502 conque
626 2448 769 2503 putrescunt.

136 2500 176 2549 Ex
186 2503 279 2550 ineunte
290 2517 339 2551 sevo
349 2503 381 2551 sic
391 2501 489 2565 eorporis
499 2511 570 2567 etque
579 2504 667 2551 enimsi
752 2504 801 2555 845

134 2564 224 2614 Mutus
232 2566 321 2615 ritdeis
330 2566 422 2615 discum
431 2567 535 2630 conmgis
544 2576 629 2627 motus,

135 2627 249 2679 Maternis
259 2632 328 2680 etiam
339 2631 456 2692 menbris,
468 2631 565 2696 alvoque
574 2640 680 2696 reposto3
