1666 3000
34 40 46 257 Ι
243 135 448 189 monnulus
465 134 512 187 lv.
528 135 585 183 636.
707 135 753 182 115

31 260 39 531 i

85 262 134 313 Hoc
144 264 423 330 ammundiispoedt
433 260 541 329 perdulce
551 262 637 311 viderie

84 327 237 395 Tantaqaeiu
244 330 289 379 hiis
295 333 362 379 rebus
372 330 480 378 distantia
489 328 644 390 differitasque
653 336 696 385 est,
703 327 750 376 639

84 392 123 451 Ut,
134 395 200 458 quod
210 395 263 444 aliis
272 395 337 443 cibun
345 404 387 454 est,
398 394 448 442 aliis
458 393 509 441 fuat
517 407 568 439 acre
575 406 697 439 venenum.

84 455 126 505 Est
135 459 226 523 itaque,
237 468 265 509 ut
274 474 375 523 serpens,
383 457 485 506 hominis
495 472 548 520 qua
557 464 618 504 tacta
627 454 713 513 salivis,

82 519 196 587 Rapuit,
206 539 235 573 ae
245 522 434 573 sesemendundc
442 520 532 570 conficit
541 520 602 583 ipsa.

82 584 211 647 Praei-ea,
221 588 288 637 nobis
298 596 413 637 veratrum
424 595 459 633 cst
468 601 519 634 acre
526 598 658 642 venenum

83 648 117 698 At
126 652 203 715 σιμὴ
212 652 300 716 adipes,
311 660 335 700 et
344 650 506 709 coturnicibus,
516 658 594 712 auget.

114 714 145 763 ld
154 716 242 780 quibus
251 725 279 764 ut
289 716 330 764 fiat
340 717 408 763 rebus
418 729 551 777 cognoscere
560 712 642 777 poscis,
698 713 746 761 645

82 779 203 845 Principio
212 780 343 829 meminisse
353 779 425 837 decet,
436 794 489 842 quae
499 777 601 826 diximus
608 786 671 838 ante,

81 843 178 892 Sanina
187 844 332 893 multimodis
340 844 366 892 in
376 845 445 892 rebus
453 842 528 891 mixta
538 842 616 889 teneri.

79 908 165 969 Porro,
171 923 260 966 ωηο,
267 923 439 973 quaequomque
446 907 524 955 cibum
532 906 634 970 capiunt,
643 906 748 954 annuan-

80 1037 118 1086 Ut
127 1045 185 1085 mut
195 1037 317 1087 diesimiies
327 1037 473 1096 extrinsecus,
484 1044 509 1084 et
517 1035 643 1100 generatim

79 1100 181 1150 Extima
190 1105 348 1151 membrorum
358 1101 529 1150 circumeasura
539 1101 642 1157 codicetg
700 1100 747 1146 660

79 1165 184 1215 Proinde
192 1174 219 1215 et
225 1167 352 1215 actninriius
362 1174 473 1223 constant,
490 1164 623 1226 variantque
633 1163 715 1226 figuri-

80 1229 179 1279 Semina
188 1246 258 1295 quom
270 1247 338 1296 porro
348 1230 440 1288 distent,
451 1229 542 1276 differre
552 1242 642 1276 neccsse
652 1236 686 1276 est

80 1292 218 1354 Intervalla,
229 1296 331 1360 viasque,
342 1294 456 1344 foramina
466 1309 519 1357 quae
525 1291 681 1355 perhibemus,

80 1356 203 1407 Omnibus
211 1359 237 1407 in
247 1360 366 1419 membris,
377 1367 401 1407 et
411 1359 436 1405 in
443 1373 490 1416 ore,
501 1357 597 1421 ipsoque
607 1357 692 1469 galato.

79 1422 143 1471 Eua
149 1422 240 1471 minora
249 1424 320 1488 igion
327 1423 443 1487 quiedam,
454 1423 595 1485 maioraque,
623 1423 706 1477 ebeni:

80 1486 143 1535 Eece
153 1487 264 1552 triquetra
273 1488 332 1548 aliis,
343 1487 393 1535 aliis
403 1487 522 1550 quadrata,
533 1501 623 1534 neccsse
633 1496 679 1534 est:
698 1486 745 1533 666

80 1549 167 1599 Multa
175 1552 282 1611 rutunda,
299 1552 374 1601 modis
384 1551 465 1599 multis
474 1551 621 1613 multangula
631 1550 746 1614 quadam.

80 1613 204 1679 Namque,
213 1616 341 1679 figurarum
348 1615 407 1664 ratio
416 1625 445 1663 ut
452 1625 575 1677 motusque
584 1625 713 1677 reposcunt,

80 1678 185 1728 Proinde
193 1680 344 1730 foraminibus
354 1680 439 1728 debent
445 1679 536 1727 differre
546 1678 633 1740 figurae.

79 1741 115 1791 Et
122 1744 211 1793 miare
220 1744 271 1805 vim,
282 1744 377 1809 proinde
387 1760 414 1792 ac
424 1752 515 1792 textura
524 1742 616 1789 ooircet
699 1742 747 1788 660

79 1806 146 1867 Hoc,
156 1808 199 1857 nbi
205 1809 269 1873 quod
276 1825 345 1858 suave
356 1817 390 1857 est
399 1808 459 1866 aliis,
470 1807 521 1854 aliis
531 1805 559 1852 fit
568 1819 685 1864 amarum,

79 1870 132 1933 Illi,
142 1872 200 1936 quoi
206 1888 276 1922 suave
286 1882 329 1932 est,
339 1873 462 1921 levissima
471 1885 564 1933 corpore
574 1869 659 1917 debent

80 1934 282 1987 contractabiliter
291 1939 369 1986 caudas
379 1938 464 1984 intrare
474 1935 560 1999 palatie

78 2000 117 2049 At
127 2010 217 2061 matre,
227 2002 312 2077 quibus
320 2011 355 2051 cst
364 2001 444 2050 eadem
454 2015 491 2047 res
500 1999 563 2048 intus
573 2000 662 2060 acerba,

180 2066 292 2115 nimirum
302 2074 431 2130 penetram,
441 2065 589 2128 hamataque,
597 2064 680 2113 taum
700 2067 747 2113 665

139 2144 186 2179 une
195 2130 262 2181 facile
271 2140 306 2179 cst
315 2147 345 2179 ex
354 2131 400 2178 hiis
411 2131 479 2177 rebus
489 2145 622 2193 cognoscere
632 2146 738 2194 quaque.

79 2192 184 2258 Quippe.
195 2195 238 2244 ubi
247 2195 303 2259 quoi
312 2195 391 2253 febris,
405 2194 447 2242 bili
458 2203 587 2258 superante,
598 2203 674 2243 coorta
685 2203 727 2253 est,

80 2258 136 2308 Aut
145 2258 193 2307 dit
201 2259 289 2308 ratione
298 2259 378 2323 aliqud
388 2267 422 2307 est
431 2258 467 2307 vis
474 2260 549 2309 excita
557 2258 647 2314 morbi:

80 2323 234 2372 Perturbamr
242 2323 289 2372 ibei
295 2325 347 2386 jam
356 2331 433 2371 totum
443 2339 533 2387 corpus,
545 2331 568 2371 et
577 2337 657 2371 omnen

79 2386 254 2437 (immutantur
263 2388 310 2437 ibei
319 2387 427 2453 positura
437 2387 616 2452 principiorum:
697 2386 745 2440 670

77 2450 128 2511 Fit,
139 2452 205 2516 priua
214 2452 245 2501 ad
255 2468 348 2501 sensum
358 2469 412 2516 qua
421 2468 515 2516 corpora
525 2449 697 2508 conveniebant,

77 2514 152 2565 Nune
161 2530 208 2565 non
219 2517 363 2578 concutiant,
374 2526 398 2565 et
407 2526 488 2565 omre
496 2515 543 2563 sint
551 2512 626 2575 magis
633 2520 696 2575 apta,

77 2580 142 2639 Qu·
150 2588 269 2644 pmetrata
279 2588 369 2644 queunt
378 2596 470 2630 mosum
482 2578 616 2642 progignere
626 2578 743 2625 acerbum.

78 2644 186 2709 Utraque
195 2644 258 2695 etnim
269 2654 323 2697 sum
332 2645 358 2693 in
365 2644 441 2697 mellic
450 2642 567 2693 conmixta
574 2656 669 2705 sapore3
