1666 3000
241 119 274 163 88
404 114 608 164 LUCRETIUS.
620 112 670 163 111.
682 114 741 163 813.

240 245 366 305 Plsgorum
377 244 432 307 quia
440 253 495 291 sunt
505 244 614 307 expertia,
627 244 658 291 sic
669 251 696 291 ut
703 242 773 290 inane
784 249 832 289 est·

238 308 309 366 Quod
317 318 395 355 manet
403 309 523 367 intactum,
532 324 606 372 neque
614 311 643 355 ab
651 308 697 355 ictu
702 306 810 370 fungitur
822 328 826 348 ι

238 374 289 419 Aut
299 372 369 420 etiam
380 374 435 436 quia
444 373 509 420 nulla
519 374 563 420 loci
574 374 603 420 sit
613 373 679 436 copia
688 372 786 431 circum,

238 435 294 495 Quo
304 437 370 501 quusi
379 453 415 486 res
424 437 513 501 possint
522 437 645 495 discedere,
656 435 816 501 dissoluique;

240 501 278 549 Sic
288 503 323 549 uti
333 516 478 549 summarum
488 516 580 549 summa
590 509 625 549 est
635 510 730 559 aterna,
740 514 817 563 neque
830 531 833 537 -

236 563 298 624 ou
308 566 372 614 ocus
382 574 424 627 est,
432 581 480 631 quo
489 565 628 629 uffuomo
646 580 722 630 neque
732 578 830 629 moon

232 646 448 753 ·Possintiiddere,
459 704 482 745 et
492 693 569 743 validi
578 693 700 743 dissolvere
710 691 799 758 plagia

236 758 273 806 At
283 774 367 824 neque,
376 760 424 808 utei
434 760 510 819 docui,
522 759 593 807 solido
599 775 653 808 cum
660 771 828 834 corporemen

237 822 329 871 Natura
338 832 380 883 est,
395 824 506 888 quoniam
516 823 647 871 admixtum
659 831 694 871 est
703 837 729 870 ιιι
739 822 810 870 robus
820 820 826 833 ⁸

235 887 289 939 Nec
305 896 383 936 tamen
393 897 427 936 est
437 896 464 936 ut
474 888 557 948 inane3
574 894 744 953 nequeuntem
758 900 830 951 corpo

335 960 399 1011 ΜΒ

238 1015 279 1064 Ex
289 1014 379 1063 infinito
387 1030 440 1079 quie
449 1016 537 1080 possint
546 1016 605 1065 forte
613 1024 690 1065 coorta

238 1080 350 1128 Proruere
359 1079 419 1127 hanc
429 1081 513 1129 mentis
522 1081 620 1129 violento
630 1080 722 1129 turbine
729 1078 828 1138 molam,

235 1143 289 1197 Aut
298 1143 369 1191 aliam
379 1159 450 1207 quam
461 1145 495 1193 vis
506 1145 595 1194 cladem
609 1145 726 1208 inportare
734 1142 830 1255 puts-li·

237 1208 264 1255 N
265 1223 290 1255 ec
300 1223 368 1270 porro
377 1218 461 1257 natura
470 1210 523 1269 loci,
535 1209 682 1273 spatiumque
692 1222 735 1272 pro
745 1207 813 1268 undi,

237 1270 332 1330 Deficit,
345 1274 452 1353 exspargi
461 1290 510 1337 quo
520 1274 592 1338 possit
602 1274 636 1322 vis
646 1272 743 1333 animai,

237 1335 289 1387 Aut
299 1335 345 1382 alit
353 1352 400 1399 qua
408 1338 443 1384 vis
453 1338 525 1400 possit
534 1339 558 1384 vi
568 1338 635 1401 pulsa
642 1337 730 1400 perire:

237 1399 312 1451 Haud
323 1399 329 1410 ‘
347 1399 393 1446 'tur
402 1401 443 1447 leti
452 1403 565 1475 preclusa
575 1403 688 1462 estjanus
694 1399 775 1449 mend.

268 1415 504 1523 Quoii¹siforoe1deo
514 1465 588 1529 magis
599 1464 726 1514 inmortalis
735 1464 778 1513 ha·
788 1486 822 1507 ao·

237 1526 310 1588 Quod
319 1527 426 1575 vitalibus
437 1530 466 1576 ab
478 1530 553 1584 rebus,
565 1530 664 1588 munita,
676 1536 782 1587 tenetur3

237 1593 291 1641 Aut
300 1592 409 1657 quianon
420 1594 515 1641 veniunt
523 1594 617 1642 omnino
627 1594 702 1641 aliena
709 1593 808 1652 salutis3

239 1655 292 1706 Aut
302 1657 366 1723 quio,
378 1673 431 1722 quar
441 1657 545 1717 veniunt,
556 1658 635 1722 aliqui
645 1658 733 1706 ratione
761 1680 768 1697 ·-
787 1680 804 1698 ·-·

238 1722 312 1773 Pulsa
321 1722 394 1786 prius,
405 1738 483 1787 quam.
495 1721 552 1786 quid
559 1730 664 1782 noceant,
675 1722 759 1771 sentire
767 1738 820 1787 qua:

239 1784 343 1897 &cilico
353 1803 368 1835 a
377 1787 431 1836 veri
438 1787 506 1852 longe
514 1788 601 1836 ratione
610 1796 726 1835 remotum
736 1788 792 1851 est]

273 1861 327 1898 uter
334 1851 405 1907 enim,
416 1868 488 1915 quam
498 1852 561 1916 quod
568 1850 653 1900 morbis
664 1859 715 1899 tum
723 1851 825 1915 corporis

241 1912 345 1966 Advenit
352 1916 385 1975 id,
397 1916 460 1983 quod
469 1932 521 1966 eam
527 1917 557 1969 de
567 1919 634 1965 rebus
644 1930 705 1980 sape
714 1914 800 1964 fumris

241 1977 353 2036 Manem,
371 1979 442 2042 inque
452 1989 517 2029 metu
527 1981 589 2029 male
598 1981 677 2041 habet,
691 1980 799 2044 curisque
824 2014 827 2017 f

242 2040 411 2105 Preteritisqne
420 2044 481 2092 male
491 2044 595 2095 admissis
602 2053 694 2109 peecata
703 2044 833 2093 remorden

239 2103 310 2153 Adde
317 2105 418 2152 furorem
426 2107 499 2154 animi
506 2110 634 2172 proprium,
643 2118 712 2172 atque
719 2109 805 2157 oblivia
830 2130 833 2148 2

239 2167 319 2227 Adde,
331 2169 394 2232 quod
404 2170 429 2216 in
441 2171 518 2233 nigras
528 2173 625 2235 lethargi
635 2173 746 2237 mergitur
757 2189 800 2221 un
811 2196 814 2213 2
825 2196 828 2213 1

274 2232 342 2283 Nihil
348 2232 418 2296 igitur
426 2249 488 2282 mors
495 2244 537 2295 est,
546 2236 576 2284 ad
584 2252 626 2287 nos
634 2252 709 2301 neque
716 2236 815 2300 pertinet
829 2259 833 2279 ι

244 2297 440 2361 Quandoquidem
450 2306 533 2346 natura
543 2300 615 2346 animi
626 2300 727 2348 mortalis
737 2301 833 2348 habetu·

245 2364 286 2421 Et,
298 2363 424 2411 volutante
435 2371 485 2411 acto
496 2363 554 2411 nihil
565 2372 666 2427 tempore
677 2365 789 2413 sensimus
805 2387 833 2422 :·-2

244 2429 284 2476 Ad
295 2427 467 2495 confligundum
478 2427 620 2477 venientibus
628 2429 731 2492 undique
742 2429 820 2477 Poenis

244 2492 334 2542 Omnia
343 2508 423 2556 quom,
434 2492 490 2541 belli
500 2492 587 2556 trepido
598 2507 706 2540 concussa
714 2493 828 2552 tumultu,

245 2556 355 2616 Horrida,
366 2566 522 2606 contremuere
529 2558 572 2605 sub
582 2555 635 2603 altis
646 2556 735 2605 estheris
745 2556 807 2605 auris
813 2574 823 2616 ς

242 2618 276 2667 In
286 2620 402 2689 dubioque
412 2622 485 2682 fuere,
496 2630 600 2671 utrorum
611 2620 641 2668 ad
651 2634 723 2685 regna
732 2620 825 2672 ceduno
