1666 3000
232 156 262 201 lu
408 153 610 201 LUCRETIUS.
628 153 648 200 Ι.
666 155 721 200 318.

231 283 301 343 Signa
312 298 394 329 manus
405 283 496 329 dextras
507 283 633 328 obtendunt
646 282 765 329 adtenuari

230 351 296 409 Saepe
307 349 448 394 salutantum
459 357 530 405 tactu,
541 356 669 410 praeterquc
682 356 810 393 meantum.

230 411 289 458 Huc
299 412 369 474 igitur
381 411 463 469 minui,
475 427 546 475 quom
557 412 603 458 sint
613 411 704 468 detrita,
715 409 820 458 videmus

231 475 285 533 Sed,
297 492 349 538 quar
359 490 453 538 corpora
462 475 572 523 decedant
581 475 606 520 in
616 482 719 538 tempore
730 488 810 537 quoqu

232 537 315 586 Invida
324 540 439 604 praelusit
448 539 546 603 speciem
556 547 639 585 natura
647 538 746 586 videndi.

263 604 391 662 Postremo,
403 618 573 667 quaequomque
581 601 630 650 dies
639 611 768 665 naturaque
794 623 812 641 ει
825 622 833 640 ιἸ

231 667 358 716 Paullatim
369 668 458 726 tribuit,
469 667 605 715 moderatim
616 682 713 714 crescere
723 680 815 729 cogens,

231 732 307 780 Nulla
316 741 390 796 potest
401 733 520 780 oculorum
530 732 588 780 acies
600 739 705 779 contentu
715 730 790 786 tuerit

231 797 283 844 Nec
293 813 360 861 porro
371 812 540 861 quaequomque
550 811 599 844 avo
608 795 727 858 macieque
737 809 796 842 senx
806 814 823 833 ν’

232 861 291 919 Nee,
303 877 367 909 mare
377 877 430 923 quae
439 859 572 922 inpendent,
584 875 650 907 mco
660 859 706 907 sale
716 874 773 907 saxa
789 881 793 898 ·
829 880 833 896 ι

232 924 297 982 Quid
308 939 400 998 quoque
410 924 518 970 amittent
527 923 552 970 in
562 931 672 986 tempore,
684 937 775 971 cernere
792 943 829 962 ··

232 987 267 1035 Co
308 989 372 1035 nbus
383 987 446 1034 wcis
456 987 527 1049 igitur
536 995 619 1034 natura
626 987 684 1050 gerit
694 1003 737 1035 res.

290 1066 316 1098 ec
326 1063 404 1098 tamen
414 1050 517 1113 undique
527 1052 634 1114 corporei
642 1052 725 1115 stipata
731 1058 800 1098 tenen

126 1152 150 1189 ,ᾳ
232 1114 321 1164 Omnia
331 1114 429 1172 naturd;
446 1129 547 1178 nunqua
555 1124 590 1162 est
598 1115 624 1162 in
632 1118 700 1163 rebus
710 1115 794 1162 inanez

232 1179 303 1238 Quod
315 1179 357 1227 tibi
367 1194 474 1242 cognosse
483 1179 508 1226 in
518 1179 599 1227 multis
609 1180 652 1227 erit
662 1180 719 1227 utile
729 1181 815 1235 rebusc

232 1244 284 1292 Nec
295 1243 354 1292 sinet
363 1258 476 1292 errantem
486 1243 599 1302 dubitare,
611 1253 634 1292 et
644 1259 744 1307 quaercre
758 1265 797 1286 vu·
810 1266 815 1284 ·
826 1275 833 1283 -

233 1307 271 1355 De
281 1308 374 1356 summi
384 1323 469 1366 rerum,
481 1317 504 1355 et
514 1307 595 1359 nostris
606 1307 708 1356 diffidere
715 1307 789 1355 dictis.

234 1370 393 1436 [Quapropter
402 1373 466 1421 locus
477 1381 511 1420 est
520 1373 619 1420 intectus
628 1373 704 1430 inane,
715 1386 832 1436 mcansqu

233 1436 313 1495 Quod,
322 1436 342 1483 si
352 1451 398 1484 non
408 1444 473 1495 esset,
484 1437 550 1484 nulli
560 1437 647 1485 ratione
657 1437 744 1484 moveri

233 1500 281 1547 Res
287 1510 393 1563 possent3
410 1516 519 1564 namque,
527 1501 704 1564 obficiumquod
710 1500 810 1565 corporis
821 1523 833 1541 a

233 1563 364 1613 Obficerea
390 1580 419 1612 ne
429 1567 526 1625 obstare,
538 1565 562 1611 id
572 1566 596 1612 in
608 1566 672 1613 omni
682 1574 785 1629 tempore
831 1588 833 1605 s

233 1627 351 1677 Omnibus
358 1573 445 1677 :tqhaud
455 1629 526 1692 igitur
534 1629 661 1693 quidquam
672 1630 791 1692 procedere
806 1652 826 1671 υ

234 1693 378 1758 Principium
388 1694 498 1758 quoniam
508 1693 603 1742 cedendi
613 1694 679 1741 nulla
688 1693 751 1741 daret
760 1704 803 1741 res.

232 1758 269 1805 At
279 1774 341 1807 nunc
351 1774 393 1823 per
402 1759 483 1817 marin,
495 1774 522 1806 ac
531 1766 610 1817 terrun
622 1759 767 1822 sublimaque
793 1780 805 1799 v
819 1758 826 1769 ‘

233 1822 314 1871 Multa
323 1823 397 1872 modis
407 1822 487 1871 multis
497 1822 560 1871 varia
570 1823 657 1870 ratione
664 1823 751 1870 moveri

234 1887 356 1936 Cernimus
366 1897 419 1935 ante
430 1889 521 1937 oculos:
539 1903 600 1951 qun,
611 1887 688 1935 sinon
698 1895 755 1935 esset
764 1887 829 1934 inan·

234 1950 290 1997 Non
301 1960 350 1999 tam
361 1953 448 2000 solicito
457 1962 523 2000 motu
533 1953 622 2015 privata
629 1959 738 2010 carerem,
796 1972 800 1979 ⁴

234 2013 314 2072 Quam
325 2015 402 2078 genitu
417 2017 512 2064 omnino
521 2016 588 2067 nulii
597 2017 683 2064 ratione
694 2015 805 2063 finissente

235 2076 346 2140 Undique
355 2079 461 2126 materies
471 2080 582 2142 quoniam
593 2080 676 2142 stipata
686 2080 793 2142 quiesset.

267 2141 389 2201 Preteren
402 2143 507 2205 quamvis
518 2143 596 2190 solida
606 2159 641 2191 res
652 2159 699 2191 esse
709 2153 829 2207 putentur,

234 2205 300 2253 Hinc
310 2214 387 2253 tamen
398 2222 446 2254 esse
454 2207 507 2253 lieet
514 2223 565 2254 raro
576 2222 630 2254 cum
641 2223 733 2271 corpore
743 2223 830 2256 cernas.

233 2271 264 2317 In
275 2270 344 2329 saxis,
355 2286 382 2318 ac
389 2271 511 2333 speluncis,
522 2279 642 2334 permanat
649 2287 763 2334 aquarum

234 2334 349 2398 liquidus
356 2334 448 2394 humor,
460 2343 483 2382 et
490 2335 598 2383 uberibus
603 2335 659 2382 flent
665 2336 743 2383 omnia
750 2337 822 2398 guttis

197 2416 199 2420 ’
233 2399 347 2463 Dissupat
356 2399 381 2446 in
391 2414 472 2463 corpus
483 2415 530 2447 sese
540 2400 604 2447 cibus
614 2414 683 2446 omne
692 2401 812 2448 animantu
828 2424 832 2446 t

234 2464 345 2512 Crescunt
355 2466 455 2521 arbusta,
467 2472 490 2511 et
499 2464 560 2511 fetus
569 2464 594 2511 in
605 2472 707 2527 tempore
717 2464 820 2514 fundunt

234 2525 305 2584 Quod
316 2529 380 2576 cibus
390 2528 416 2575 in
425 2536 493 2587 totas,
504 2544 578 2591 usque
588 2530 617 2576 ab
627 2528 741 2576 radicibus
751 2530 814 2589 imis,

234 2591 280 2637 Per
290 2600 381 2640 truncos
392 2608 418 2640 ac
428 2608 470 2656 per
480 2608 555 2640 ramos
565 2592 703 2640 diffunditur
713 2593 816 2642 omneisr

234 2655 300 2703 Inter
309 2665 380 2719 saepta
390 2666 469 2706 meant
479 2672 552 2717 vooes,
568 2666 592 2706 et
601 2657 665 2706 cluss
674 2657 796 2706 domorum
