1666 3000
89 155 135 204 132
243 149 449 202 LUCRETIUS.
466 150 512 201 1v.
532 152 604 202 rtis.

88 282 205 342 Pluribus,
215 290 237 328 et
243 291 316 329 nnete
324 291 375 345 post
382 291 436 330 sunt
442 290 529 340 tamen,
537 281 601 329 unde
611 278 698 344 puellos

88 347 230 411 Subsoipere,
241 355 265 394 et
274 355 342 410 partu
353 354 445 421 possent
455 346 564 393 ditescere
575 345 657 400 dulei;
698 339 715 388 ll

88 411 130 468 Et,
142 411 226 475 quibus
236 419 290 458 ante
300 410 364 458 donu
374 409 479 458 fecundae
490 425 552 474 saepe
562 410 693 473 nequissent

91 474 183 524 Uxores
193 490 281 540 parere,
291 475 386 522 inventa
395 483 430 522 est
439 473 486 521 illis
496 489 590 537 quoque
598 488 683 538 conpar

91 539 192 597 Natura,
203 547 231 587 ut
240 547 333 602 possent
343 538 419 602 gustis
430 537 521 586 munire
532 546 655 587 senectam.

126 601 206 667 Usque
216 603 273 651 adeo
283 603 364 666 magui
373 601 450 658 refert,
460 610 487 650 ut
497 602 587 650 semina
596 598 685 667 possint

91 668 224 716 Seminibus
233 667 367 715 conmisceri
377 665 506 730 genitaliter
516 674 580 741 apta,
701 663 711 711 l

93 734 223 807 Crassaque
233 731 368 779 convenient
377 730 481 794 liquidis,
492 738 516 777 et
524 729 617 793 liquida
627 727 712 778 traam.

93 800 174 859 Atque
184 810 209 842 ru
220 810 247 843 eo
257 794 334 854 refert,
346 810 393 858 quo
403 795 465 843 victu
475 794 523 842 vita
533 794 638 842 colatur:

94 861 206 924 Namque
217 859 268 908 aliis
279 861 347 908 rebus
359 867 505 907 conmescunt
515 857 605 906 semina
615 854 712 906 membri

94 925 176 989 Atque
186 924 238 972 aliis
248 931 410 981 extenuantur,
420 925 553 1033 tabentqqeg
562 922 670 971 vicissim.
704 921 712 967 l

95 987 129 1036 Et
139 989 224 1052 quibus
234 987 284 1050 ipsa
294 987 369 1035 modis
379 995 487 1034 tractetur
496 988 513 1033 b
553 985 584 1034 da
594 986 708 1049 voluptas,

96 1052 127 1101 Id
137 1067 229 1116 quoque
236 1051 357 1114 permagni
367 1049 451 1107 refert3
468 1065 524 1098 nam
531 1065 596 1098 more
606 1050 712 1108 ferarum

96 1115 327 1180 Quadrupedumque
337 1115 411 1178 magis
420 1115 476 1174 ritu,
484 1114 624 1178 plerumque
632 1121 712 1178 putant

96 1180 223 1245 Concipere
233 1193 323 1238 uxores,
335 1179 391 1243 quia
400 1179 433 1227 sic
442 1180 493 1226 loca
503 1194 594 1227 sumere
604 1187 710 1243 possunt,

97 1245 234 1293 Pectoribus
246 1244 335 1308 positis,
347 1242 535 1292 sublatissemina
545 1243 640 1291 lumbis.

97 1308 149 1356 Nec
160 1309 243 1356 molles
253 1323 312 1372 opus
323 1316 377 1356 sunt
386 1316 464 1356 motus
474 1306 586 1355 uxoribus
596 1306 689 1356 hilum:
707 1308 711 1354 ἶ

97 1372 163 1420 Nam
172 1372 257 1419 mulier
266 1372 372 1436 probibet
381 1387 405 1419 se
416 1371 541 1436 concipere,
555 1379 626 1436 atque
635 1387 711 1436 repug

98 1435 212 1486 Clunibus
223 1435 274 1499 ipsa
284 1436 327 1484 viri
338 1435 454 1484 Venerem
464 1435 484 1484 si
493 1435 548 1483 leta
557 1443 682 1496 sebasten

97 1501 179 1577 Atque
189 1508 293 1548 maseato
303 1500 347 1548 ciet
357 1501 421 1548 omni
430 1508 520 1564 pectore
530 1500 631 1550 fluctuas

98 1565 162 1615 llicit
172 1563 235 1613 enim
246 1565 336 1613 sulnrm
346 1563 408 1612 recti
414 1565 507 1628 regione
514 1563 600 1639 viique

99 1628 215 1691 voreris,
225 1638 295 1693 atque
304 1628 359 1677 locis
366 1628 450 1677 avortit
459 1629 553 1678 serninis
560 1641 649 1679 sctums

100 1695 185 1759 quue,
194 1695 237 1744 sus
246 1693 325 1743 ausu
335 1701 472 1742 consuerunt
482 1701 556 1743 scorta
562 1693 660 1755 moveri,

102 1760 142 1809 Ne
152 1760 311 1825 conplerentur
321 1760 408 1817 crebro,
415 1757 562 1822 gravidaeque
568 1759 689 1819 incessam

101 1825 135 1875 lit
144 1823 216 1873 simul
225 1825 275 1888 ipsa
284 1824 338 1873 vin's
348 1822 430 1872 Venus
440 1831 468 1870 ut
476 1821 608 1872 concinnior
618 1834 693 1874 esscts

103 1889 248 1952 Gon'ugibus
254 1889 317 1964 quod
324 1888 383 1936 nihil
389 1887 471 1936 nostris
477 1903 536 1952 opus
544 1902 593 1935 esse
599 1886 700 1938 videtin.

161 1966 191 2001 ec
197 1952 306 2002 divimsus
316 1952 441 2012 interdum,
448 1949 591 2016 Venerisque
601 1952 701 2018 sagittis,

103 2014 224 2064 Deteriore
234 2016 261 2064 iit
271 2026 298 2065 ut
307 2016 383 2065 forms
393 2016 527 2066 muliercula
536 2025 643 2065 ameturs

104 2078 169 2126 Nam
177 2078 232 2126 facit
241 2079 292 2144 ipsa
301 2081 350 2128 suis
359 2081 476 2129 interdum
486 2080 573 2129 femina
582 2080 659 2143 iactis,

103 2141 271 2205 Morigerisque
281 2144 364 2205 modis,
375 2156 398 2193 et
407 2146 495 2193 mundo
506 2161 599 2209 corpore
606 2146 680 2208 culta,

105 2205 140 2254 Ut
151 2205 216 2254 facile
226 2207 339 2256 insuescat
349 2224 426 2257 secum
437 2210 472 2258 vir
482 2210 564 2273 degere
573 2209 654 2259 vitam.

137 2271 208 2331 Quod
218 2287 286 2335 super
296 2281 338 2330 est,
349 2274 488 2322 consuetudo
498 2274 619 2322 condonat
629 2291 706 2324 amors

104 2335 178 2395 Nam,
189 2335 269 2385 leviter
279 2351 350 2400 quam
360 2336 403 2395 vis,
414 2337 478 2400 quod
488 2340 566 2386 crebro
576 2339 706 2389 tundituris

105 2401 213 2449 Vincitur
220 2401 244 2448 id
254 2400 324 2464 longo
334 2400 408 2464 spatio
416 2410 502 2462 tamen,
513 2411 583 2466 atque
592 2403 697 2454 labascit,

105 2465 191 2513 Nonne
202 2465 272 2525 vides,
284 2465 353 2514 etiam
363 2472 448 2527 guttas,
459 2465 483 2513 in
494 2482 551 2514 saxa
561 2467 687 2531 eadenoeis,

105 2528 218 2578 ilumeris
228 2530 297 2596 longo
307 2530 332 2579 in
342 2529 415 2594 spatio
425 2531 561 2595 pertundere
571 2535 647 2584 sexa?
