1666 3000
7 43 24 637 ἰ

230 111 432 162 hucbertus
449 112 496 160 vl.
512 112 554 161 96.
688 108 732 162 177

88 238 216 303 Principio,
227 241 314 289 wnitru
323 241 459 304 quatiuntur
469 239 553 288 cerula
562 237 620 291 eali.
697 237 730 284 96

59 303 196 417 Ἢ
206 305 264 369 quia
273 315 418 366 eonmrrunt,
429 305 527 353 sublime
537 302 648 359 volenes,

61 368 92 415 Ε
144 369 151 380 “
183 371 267 429 noba,
277 378 356 418 oontn
365 369 521 433 pugnantibus
532 365 613 416 ventis.

62 431 599 496 Neefltenimsonitnseoeiideparteserenit
696 430 729 477 99

62 495 161 556 Verum,
168 498 329 562 ubiquumque
335 497 408 561 magis
414 497 483 545 denso
489 504 543 543 sunt
549 493 642 557 agmine
649 493 728 547 nubes,

64 559 124 607 'l'am
133 562 210 625 magis
219 562 276 609 hinc
286 576 370 625 magno
380 561 485 609 fremitus
496 560 523 609 fit
530 572 650 607 murmure
660 572 728 619 saepe

91 624 218 685 Preteren,
230 640 307 689 neque
316 636 365 673 tam
375 624 488 673 condenso
498 637 591 686 oorpore
600 623 674 669 nubes

62 686 118 737 Ena
132 700 232 753 querrnt,
247 704 319 751 quam
333 699 388 737 sunt
402 688 498 751 lapides,
511 702 538 735 ae
554 686 637 749 tigna;
652 699 727 748 neque

125 762 204 802 tutan

65 815 126 863 Tam
135 825 226 880 tenura
232 835 305 884 qnam
315 827 370 867 nunt
377 819 476 877 nebuhe,
485 815 612 879 iumeique,
621 814 730 862 volantes.

63 880 126 928 Nem
135 881 217 930 odere
226 892 268 932 eut
278 886 346 932 bruto
355 884 464 932 deberent
472 880 572 945 pondere
581 894 674 942 presse,
684 879 730 925 105

62 944 96 991 Ut
105 944 209 1009 lapident
226 956 276 1005 aut,
288 948 411 1007 attumne,
423 955 524 994 oonstare
534 943 663 1008 nequirent,

9 1060 12 1067 .
63 1006 113 1057 Neo
122 1010 230 1059 oohibere
239 1012 311 1060 niveis
321 1011 417 1075 gehtlas,
428 1019 451 1057 et
461 1008 578 1073 grandinis
589 1006 690 1054 imbreis.

9 1088 12 1093 ·
93 1071 162 1121 Dant
171 1074 242 1123 etiam
252 1076 353 1123 sonitum
361 1075 435 1139 petuli
445 1089 513 1136 super
522 1087 614 1135 equora
623 1069 715 1127 mundi,

62 1136 178 1187 &thanis
187 1148 216 1187 ut
225 1139 353 1203 quondam,
364 1138 454 1201 magnis
464 1139 552 1185 intenta
561 1133 663 1192 theatris,

62 1200 113 1248 Det
122 1202 247 1266 crepitum,
257 1204 331 1251 malos
342 1203 401 1251 inter
409 1203 503 1262 jactata,
515 1201 643 1272 trabesque.
683 1198 728 1245 llo

59 1265 193 1324 Interdum,
204 1267 312 1330 perscissa
321 1266 378 1315 furit
388 1265 543 1329 petulantibus
553 1278 623 1321 euris,

58 1329 94 1377 Et
102 1328 206 1393 fragibis
215 1330 303 1379 sonitus
313 1331 443 1379 chartarum
453 1328 635 1382 conmeditaturz

58 1393 90 1441 Id
100 1408 195 1458 quoque
205 1393 267 1442 enim
277 1410 349 1458 genus
359 1395 383 1442 in
394 1394 479 1442 tonitru
489 1407 621 1456 eognoetere
630 1392 701 1454 possis
711 1409 717 1437 ε

59 1459 120 1517 Aut,
131 1459 174 1507 ubi
184 1456 334 1522 iqbspensam
344 1468 439 1516 vestem
448 1458 582 1520 chartasque
592 1456 709 1513 mianton,

60 1522 203 1571 Verberibus
213 1523 288 1572 ventei
299 1531 398 1580 vorsant,
415 1523 573 1585 planguntque
583 1534 623 1581 per
633 1533 708 1566 auras.

92 1586 133 1634 Fit
147 1602 240 1651 quoqne
254 1587 316 1635 enim
330 1587 455 1646 interdum,
471 1600 517 1633 non
531 1594 579 1631 tam
594 1596 725 1691 oonourrlelre

125 1654 201 1700 nubes
710 1648 726 1692 b

61 1714 188 1763 Fmtibus
196 1715 298 1765 advorsis
307 1717 402 1781 possint,
413 1730 485 1780 quam
495 1713 524 1761 de
533 1714 603 1760 latere
613 1708 655 1767 ire,

62 1780 162 1827 Dirorso
172 1790 238 1828 motu
248 1781 352 1829 radentes
362 1795 456 1844 corpora
465 1778 554 1825 noetim
564 1793 571 1832 t

60 1844 151 1891 Aridus
161 1844 223 1892 unde
232 1845 306 1893 eureis
316 1854 389 1908 terget
399 1858 467 1891 sonus
477 1842 525 1901 ille,
536 1841 623 1904 diuque

61 1908 171 1965 Durinrr,
182 1908 288 1957 exierunt
296 1909 367 1957 donec
378 1908 507 1971 regionibus
517 1906 579 1954 artie.
678 1908 723 1955 lto

91 1972 146 2021 Hos
156 1972 227 2020 stiam
237 1983 312 2037 pecto,
321 1973 408 2021 tonitru
419 1987 527 2020 concussa
537 1971 644 2020 videntur

61 2034 151 2085 Omnia
160 2052 192 2083 ese
230 2037 294 2100 gravi
305 2047 410 2095 tremere,
422 2045 445 2084 et
454 2036 542 2085 divolsa
552 2053 576 2085 re
620 2046 643 2086 te

61 2100 180 2147 Maxuma
189 2052 312 2149 Εωιιίωε
322 2101 410 2163 napaeis
421 2101 505 2150 moenia
514 2052 620 2159 mumh'e:²

61 2164 142 2223 Quom
153 2165 230 2213 subito
240 2165 309 2213 validi
320 2165 382 2213 venti
392 2165 493 2213 conlecta
503 2168 602 2229 proeella

62 2228 173 2277 Nubibus
183 2229 272 2277 intorsit
282 2244 339 2287 sese,
350 2229 501 2293 eonduseque
511 2230 618 2291 ibeidem,
681 2231 724 2275 125

60 2290 166 2341 Turbine
176 2303 280 2342 vorsante
290 2293 363 2356 magis
373 2308 400 2341 ec
410 2297 484 2357 magis
493 2294 596 2357 undique
606 2296 700 2352 ruben,

12 2368 14 2391 ¹
61 2356 139 2420 Cogit,
149 2348 198 2404 utei
207 2356 249 2404 fiat
258 2358 331 2421 spieso
341 2373 395 2405 nava
405 2372 497 2420 corpore
504 2372 598 2403 nroum.

61 2421 127 2481 Post,
137 2422 180 2470 ubi
190 2422 305 2469 oonmovit
312 2422 346 2469 vis
357 2423 414 2483 ejus,
425 2432 448 2469 et
457 2421 549 2482 inpetus
556 2434 615 2476 noer,

62 2485 128 2533 Tum
138 2486 300 2549 perterricrepo
310 2486 385 2532 sonitu
395 2486 436 2531 dat
444 2482 645 2547 nrissapfragorem.

59 2548 111 2597 Nee
121 2551 216 2608 mirum,
224 2565 305 2612 quom,
315 2550 385 2612 plena
394 2549 486 2605 enimn,
497 2546 672 2611 veternapme
680 2551 725 2599 1³⁰

58 2616 126 2677 &pe
135 2614 169 2663 ita
177 2614 218 2662 slat
224 2627 336 2675 magnum
342 2613 453 2669 sonitum,
464 2610 565 2673 displosa
575 2622 674 2677 repente.
