1666 3000
238 156 441 207 nocentius.
460 157 505 205 VI.
522 159 578 205 243.
698 160 739 205 lul

63 289 217 339 Exanimem
226 288 339 345 homines,
350 287 449 345 pecudes
475 295 599 334 rostemere
608 288 708 350 possim;

64 354 165 402 Cretera
173 353 203 400 de
212 366 295 415 genere
304 351 348 399 hoe
359 352 406 414 qui
416 351 439 399 vi
452 302 525 399 licere
535 351 612 398 omnia
622 362 726 413 possunt,

66 418 113 467 Ex
162 418 167 427 '
208 451 216 475 ,
227 431 302 479 neque
312 425 335 463 te
345 416 370 462 in
380 415 497 478 promissis
507 417 575 478 plura
582 418 695 462 merebor.

129 482 221 529 ulmine
230 480 295 542 gigni
302 479 332 527 de
339 479 426 538 crassis,
435 481 534 543 alteque,
546 481 675 543 putandum
686 490 728 536 est,

71 546 189 596 Nubibus
200 544 333 592 exstructis:
351 559 406 591 nam
417 545 472 592 coelo
483 545 547 591 nulla
558 560 644 603 sereno,
697 547 744 599 247

72 612 129 660 Nec
139 610 219 658 leviter
229 609 306 656 densis
316 609 441 655 mittuntur
451 609 552 656 nubibus
562 624 682 672 umquam.

74 676 144 723 Nem
154 673 227 721 dubio
236 673 317 736 procul
326 672 370 720 hoc
380 672 430 719 fieri
439 673 561 720 manifeste
571 673 636 721 docet
646 690 680 722 res
690 691 698 730 3

74 738 150 794 Quod
160 747 216 786 tune
225 752 266 800 per
276 746 352 784 totum
360 745 506 784 concrescunt
516 742 569 784 sera
579 740 652 785 nubes
700 741 748 786 250

72 803 198 866 Undique,
209 802 257 848 utei
267 803 372 849 tenebras
382 802 469 848 omneis
479 801 614 850 Acherunta
624 818 716 850 reamur

73 866 193 930 liquisse,
204 874 228 913 et
237 880 333 928 magnus
341 865 391 914 ooeli
399 866 514 928 conplesse
522 881 641 914 cavernas:

76 933 161 995 Usque
170 930 236 988 adeo,
248 929 307 977 tetri
317 930 449 978 nimborum
460 937 525 977 nocte
535 931 620 991 coorti,

77 995 212 1059 Inpendent
220 1002 276 1042 stre
287 994 426 1042 Fomridinis
436 1010 476 1041 ore
486 1010 591 1057 superne,

78 1062 162 1121 Quom
171 1058 292 1107 conmoliri
299 1067 420 1122 tempestus
430 1059 530 1106 fulmine
540 1068 628 1123 eoeptat.
702 1061 750 1105 255

111 1126 236 1182 Praeterea,
247 1138 347 1186 persaepe
354 1124 419 1186 niger
427 1138 519 1186 quoque
529 1139 570 1186 per
577 1139 640 1170 mare
649 1123 750 1181 nimbus,

79 1190 115 1238 Ut
124 1188 183 1252 picis
194 1203 208 1235 e
217 1188 274 1235 eoelo
283 1187 408 1235 demissum
419 1188 514 1247 flumen,
526 1187 551 1233 in
559 1188 632 1234 undas

80 1252 200 1312 secedit,
213 1260 236 1300 et
245 1252 319 1300 fertur
330 1251 427 1299 tenebris
438 1253 534 1315 procul3
553 1260 575 1298 et
588 1252 658 1300 tralrit
668 1261 750 1309 stram,

80 1317 232 1366 Fulminibus
242 1315 369 1379 gravidam,
380 1324 548 1379 tempestatem,
557 1325 627 1380 atque
634 1318 752 1381 procelliss

81 1383 190 1446 Ignibus,
202 1396 230 1428 ae
240 1379 322 1440 ventis,
332 1395 386 1426 eum
396 1379 477 1443 primis
487 1380 535 1443 ipse
546 1382 658 1445 repletus:
704 1384 751 1427 260

83 1448 113 1496 In
123 1446 186 1494 terris
196 1460 290 1509 quoque
299 1453 327 1490 ut
335 1443 474 1503 horrescant,
487 1461 513 1492 ae
520 1455 579 1493 tecte
589 1447 712 1508 requirent.

83 1512 121 1559 Sic
128 1510 202 1573 igitur
212 1525 295 1573 supere
304 1517 409 1555 nostrum
420 1518 489 1571 caput
499 1526 545 1557 esse
556 1511 685 1573 putandum
697 1520 730 1554 est

83 1576 257 1637 Tempestatem
269 1574 355 1619 altem:
373 1587 448 1635 neque
462 1574 524 1619 enim
535 1574 632 1634 caligine
642 1572 707 1620 tanti

84 1640 218 1688 Obruerent
228 1646 308 1696 terres,
319 1637 364 1684 nisi
374 1636 510 1684 inaedificata
521 1652 618 1699 superne

84 1703 165 1751 Mults
175 1702 250 1749 forent
260 1701 340 1748 multis
351 1710 458 1763 exempto
469 1701 549 1746 nubile
559 1701 619 1747 sole:
708 1700 755 1745 265

85 1769 137 1816 Nee
147 1774 212 1814 tanto
222 1774 314 1829 possent
324 1764 440 1812 venientes
451 1764 578 1827 obprimere
588 1763 666 1822 imbri,

85 1830 198 1880 Flumina
207 1830 325 1879 abundare
335 1838 362 1876 ut
372 1830 479 1884 facerent,
492 1843 628 1890 camposque
636 1837 723 1887 natare,

87 1898 112 1945 si
121 1910 170 1943 non
182 1893 302 1942 exstructis
313 1893 371 1941 foret
381 1894 427 1940 alte
437 1892 538 1939 nubibus
546 1893 623 1940 ether.

120 1959 182 2008 liele
191 1958 263 2022 igitur
273 1957 354 2015 ventis,
366 1966 436 2020 etque
443 1956 544 2019 ignibus,
556 1958 633 2004 omnia
643 1957 711 2021 plene

88 2026 165 2073 Sunt:
182 2023 234 2070 ideo
244 2022 330 2087 possim
339 2022 453 2080 fremitus,
465 2031 488 2068 et
498 2022 599 2084 fulgure,
610 2022 677 2069 fiunt.
711 2023 759 2078 270

89 2088 185 2152 Quippe
195 2096 218 2135 et
229 2087 291 2134 enim
302 2101 385 2149 supere
392 2086 469 2141 docui,
481 2088 596 2148 permulta
606 2088 696 2151 vaporis

10 2205 12 2213 Ι
89 2152 184 2203 Sanina
193 2151 278 2198 hebere
288 2166 354 2198 cevas
364 2149 445 2197 nubeis
455 2166 462 2206 ς
480 2160 503 2198 et
510 2152 585 2198 multe
595 2167 683 2200 neeesse
693 2160 728 2198 est

10 2218 12 2245 ²
91 2216 218 2279 Concipere
229 2231 259 2262 ex
270 2215 323 2262 solis
334 2214 411 2273 radiis,
423 2215 548 2279 ardoreque
559 2231 646 2263 eorum.

93 2282 162 2340 lleic,
174 2280 215 2328 ubi
226 2289 315 2337 ventus,
328 2294 366 2325 ees
376 2279 437 2325 idem
448 2279 489 2341 qui
500 2281 560 2341 oogit
569 2280 594 2326 in
605 2295 678 2326 unum

92 2346 163 2393 Forte
172 2345 251 2392 locum
260 2359 330 2407 quem
341 2343 384 2401 vis,
396 2344 506 2405 expressit
516 2344 591 2390 multe
600 2342 689 2405 vaporis
715 2341 762 2394 275

93 2410 198 2469 Semina,
209 2424 279 2472 seque
290 2408 359 2455 simul
370 2422 424 2454 cum
435 2422 461 2453 eo
472 2405 606 2453 conmiseuit
615 2405 679 2467 igni;

21 2528 25 2533 ,
93 2474 229 2522 lrrsinuetus
241 2472 287 2520 ibei
298 2481 377 2518 vortex
387 2479 490 2517 versatur
500 2471 525 2516 in
534 2469 589 2525 alto,

10 2538 29 2571 ff
94 2539 128 2586 Et
138 2537 219 2586 oelidis
229 2536 291 2584 acuit
301 2534 389 2583 fulmen
401 2534 531 2581 fornacibus
541 2532 612 2579 intus.

97 2605 161 2652 Nem
172 2601 261 2665 duplici
271 2599 359 2646 ratione
370 2598 503 2646 adcendimr
513 2614 520 2642 z
537 2596 586 2669 ipse
596 2596 639 2645 sub
649 2612 703 2646 cunr

96 2666 231 2717 Mobilitese
240 2663 339 2723 calescit,
351 2672 373 2710 et
384 2679 397 2710 c
407 2661 541 2724 contagibus
552 2660 620 2723 ignis.
719 2655 770 2705 280

557 2738 579 2773 n
