1666 3000
109 130 140 177 uu
273 127 480 183 LUCRETIUS.
498 133 548 182 111.
563 128 604 181 21.

107 260 170 307 Cana
181 261 271 315 cudens,
283 265 362 311 violat:
376 280 465 327 semper
475 265 523 311 sine
536 263 638 310 nubibus
646 261 719 309 sethar
740 261 768 306 21

108 325 209 387 Integer,
221 335 244 374 et
254 328 317 393 large
327 329 410 377 diffuso
421 330 517 386 lumine,
529 328 591 374 ridit.

107 387 196 437 Omnia
205 393 336 456 subpeditat
422 402 512 450 natura,
523 407 599 455 neque
609 392 659 438 ulla

109 453 157 501 Res
168 455 241 504 animi
250 472 330 519 pacem
380 458 427 505 'bat
436 456 642 569 temporeeiffilo.

108 518 144 565 At
154 528 233 567 eontra
242 536 358 585 nusquam
368 521 478 585 adparent
487 521 539 568 Aeb
592 520 599 531 '
622 519 728 583 templu
739 520 771 567 25

108 582 160 631 Nec
171 584 239 632 tellus
249 587 333 645 obstat,
344 587 401 650 quin
411 585 490 633 omnia
499 584 663 648 despicimur,

108 647 158 695 Sub
169 647 265 712 pedibus
274 665 399 715 quaequam
415 666 445 699 ue
454 649 515 697 infra
524 664 566 712 per
574 649 645 696 inane
652 654 772 711 goeauurr.

110 710 166 760 Hiis
176 713 209 761 ibi
219 729 257 762 me
267 717 335 763 rebus
346 732 378 781 qu
464 714 543 762 divim
552 714 660 777 voluptas

110 776 219 841 Percipit,
231 787 300 842 atque
309 780 404 836 burron
416 779 479 842 quod
489 779 521 827 sie
530 786 622 837 natura,
634 775 675 825 tui
684 775 710 825 vi

111 840 173 888 Tam
181 842 302 891 manifesta
309 852 398 907 patens,
407 843 508 891 exomni
515 850 580 906 parte
587 848 723 889 reiectam
738 840 772 888 ³0

142 904 183 961 Es,
195 907 305 969 quoniam
315 908 391 968 domui,
402 916 537 955 cunctanun
547 905 643 953 exordia
652 919 732 953 renim

109 968 196 1028 Qualia
206 969 259 1026 sint,
271 978 294 1017 et
304 987 384 1035 quam,
395 971 464 1018 variis
474 969 581 1018 dumus
591 969 680 1029 formis,

110 1033 197 1095 Sponte
207 1031 248 1080 sud
258 1034 361 1092 volitent,
373 1042 457 1083 aterno
467 1035 553 1098 percita
560 1043 643 1090 motus

110 1095 211 1160 Quoque
220 1097 290 1145 moda
299 1100 387 1162 possint
396 1114 432 1147 res
443 1115 472 1147 ex
483 1099 528 1147 biis
538 1113 638 1162 quaqua
646 1096 735 1146 ereans

111 1160 187 1209 Hasce
197 1162 324 1211 secundum
333 1180 369 1212 res
378 1164 451 1212 animi
461 1172 543 1211 natura
553 1162 653 1221 videtin,
741 1162 773 1210 ³5

110 1225 191 1288 Atque
201 1226 294 1285 anima,
305 1226 412 1277 durandi
420 1228 478 1276 meis
486 1229 536 1289 jum
547 1226 650 1274 versibus
660 1241 726 1283 essee

111 1288 144 1335 Et
154 1298 229 1337 matus
240 1291 279 1339 ille
288 1292 349 1340 fores
358 1309 459 1356 praeaeps
469 1291 608 1340 Auireruntis
618 1291 737 1354 agundm,

112 1352 228 1401 Funditus
237 1355 365 1403 humanam
373 1357 414 1420 qui
424 1357 496 1404 vitam
507 1357 584 1403 turbat
594 1356 624 1403 ab
634 1355 692 1413 ima,

109 1416 198 1465 Omnia
208 1419 341 1467 subfuseans
351 1421 431 1468 mortis
441 1421 547 1483 nigmres
559 1434 634 1484 neque
644 1419 720 1467 uilam

110 1480 168 1529 Esse
178 1482 319 1547 voluptatem
328 1484 450 1548 liquidam,
461 1500 599 1548 puramque,
610 1483 728 1548 relinquit.
742 1483 774 1531 Aa

139 1546 218 1607 Nam,
230 1549 292 1660 quod
302 1564 362 1613 saepe
371 1549 476 1597 homines
486 1550 577 1597 morbos
590 1547 667 1610 magis
680 1564 730 1599 esse
744 1548 774 1597 ti-

175 1628 229 1660 mu
246 1629 271 1661 os

113 1677 275 1745 Infamemque
284 1679 362 1741 ierunt
372 1679 452 1737 ntum,
464 1694 535 1743 quam
547 1678 646 1726 Turtam
654 1677 714 1736 letie

112 1741 146 1790 Et
155 1758 179 1791 se
189 1743 246 1792 seire
255 1744 338 1793 animae
347 1753 463 1804 naturam,
474 1743 592 1806 sanguinis
602 1758 659 1803 esse,

113 1806 164 1854 Aut
174 1809 243 1857 etism
254 1809 324 1869 venti,
336 1809 409 1859 sisert
415 1809 448 1857 ita
457 1808 516 1856 forte
527 1808 641 1865 voluntas,

113 1870 165 1919 Nae
174 1888 280 1935 prorsum
290 1875 418 1940 quidquam
428 1881 510 1922 nostra
520 1871 614 1919 rationis
624 1886 709 1935 egeres
742 1872 763 1919 4¹

113 1933 177 1983 Hinc
185 1933 239 1985 lieet
248 1938 352 1986 advortas
362 1939 474 1993 animum,
485 1936 558 2000 magis
569 1934 648 1983 omnia
656 1935 734 1985 iaud‘u

112 1997 202 2045 Jactari
211 2016 324 2059 canaam,
335 2017 406 2066 quam
417 2003 481 2066 quod
490 2017 526 2049 rea
535 2000 586 2065 ipsa
596 2000 723 2063 probetur:

111 2060 220 2109 usiones
229 2063 300 2111 iidem
310 2067 393 2129 patrii,
403 2067 427 2114 lo
487 2080 517 2113 ue
526 2065 613 2128 fugatei

112 2125 243 2188 conspectu
255 2143 283 2175 ex
294 2082 522 2190 mmmmm&
532 2128 627 2178 crimine
637 2127 712 2193 turpi,

114 2189 231 2237 Omnibus
241 2193 350 2240 aerumnis
360 2193 455 2242 adfectei
465 2193 572 2259 denique,
584 2193 681 2248 vivunt3

113 2254 147 2302 Et
157 2270 320 2319 quoquumque
331 2265 408 2304 tumen
419 2258 509 2305 miserei
519 2272 609 2316 venere,
620 2264 738 2321 parentam

111 2319 144 2368 Et
154 2320 230 2383 nigras
240 2328 341 2369 mactant
351 2320 490 2385 pecudes‚'et
501 2322 612 2370 Manibus
621 2321 679 2369 divis

113 2384 209 2433 Inferias
219 2385 332 2443 mittunt3
343 2386 463 2448 multoque
472 2387 497 2432 in
508 2389 575 2434 rebus
585 2386 672 2435 acerbis

113 2450 199 2497 Acrius
209 2451 331 2499 advortunt
341 2450 429 2499 animos
440 2450 469 2498 ad
480 2451 621 2513 religionem.

113 2513 168 2572 Quo
178 2516 252 2579 magis
261 2516 286 2563 in
296 2516 372 2565 dubiis
381 2514 498 2562 hominem
510 2525 610 2578 spectare
620 2515 712 2579 peridis

115 2576 236 2639 Convenit,
248 2581 394 2646 adversisque
405 2581 429 2627 in
440 2581 508 2628 rebus
518 2594 617 2633 noscere,
629 2580 686 2654 quid
698 2580 716 2629 si

114 2641 177 2689 Num
189 2660 247 2693 vera
257 2662 322 2696 voees
332 2655 384 2697 tum
394 2645 489 2695 demum
500 2653 589 2709 pectora
599 2647 629 2695 ab
640 2660 688 2693 mro

225 2876 300 2909 Q
