1666 3000
238 320 284 369 nt
400 320 604 370 nucnn'mus
621 320 667 371 1v.
683 321 740 369 tul.

238 448 396 513 Conloqulum
407 450 476 499 clusis
485 449 573 498 foribus
583 465 676 514 quoque
685 448 774 513 sepeio!

238 512 368 573 Nimirum,
381 514 437 580 quia
446 530 494 564 vox
503 530 545 577 per
555 515 616 563 flexa
626 514 739 563 foramina
749 528 774 560 re

240 576 365 627 Incolumis
373 579 469 627 transire
478 586 561 642 potest,
573 579 695 627 simulacra
702 586 774 625 renuti

240 641 423 692 Perscinduntur
430 643 502 703 enim,
510 643 554 691 nisi
562 651 624 691 recta
631 643 744 691 foramina
750 651 774 688 tr.

240 704 328 764 Qualia
338 716 393 755 sunt
403 708 464 765 vitri,
476 708 561 770 species
571 723 624 772 quae
633 707 774 755 trmsvolatt

275 771 398 831 Praeterea,
409 771 494 836 parteis
504 772 528 818 in
539 781 631 820 amatas
641 771 751 819 dividitur
761 785 774 817 v

242 835 283 883 Ex
293 835 344 884 aliis
354 836 406 884 aliae
432 835 526 885 uoniam
536 837 680 900 gignuntrm
697 835 774 883 ubein

243 898 352 948 Dissiluit
361 853 441 959 eamd,
452 900 477 947 in
485 902 580 960 multas,
590 908 669 949 exorta
679 898 745 963 quasi
756 898 774 960 ip

243 962 774 1028 Sepesuletscintillasuossespargcreinigr

242 1028 307 1091 Ergo
317 1030 433 1093 replentur
443 1029 493 1078 loca
502 1030 604 1087 vocrlrm,
616 1028 693 1076 abdita
703 1036 764 1075 retro

244 1091 333 1141 Omnia
343 1109 396 1156 qne
406 1092 491 1141 mcum
501 1092 604 1150 fuerunt,
614 1092 737 1155 sonituque
747 1090 774 1139 cit

244 1156 281 1204 At
291 1157 413 1205 simulacra
422 1158 465 1205 viis
475 1157 504 1204 de
514 1158 580 1205 rectis
590 1157 668 1205 omnia
677 1156 774 1205 tendunt

245 1221 281 1269 Ut
290 1229 344 1269 arnt
353 1220 424 1269 missa
433 1222 519 1269 semela
537 1230 675 1284 quapropter
683 1235 774 1268 cernere

245 1285 323 1348 Snpta
332 1299 403 1349 supra
412 1285 471 1349 potis
481 1295 524 1344 est,
535 1293 560 1332 at
569 1300 635 1333 voces
645 1285 774 1347 adciperae

245 1348 279 1396 Et
286 1358 364 1397 tamen
370 1349 421 1413 ipsa
428 1364 520 1413 quoque
526 1349 583 1407 hac,
592 1349 647 1396 dum
657 1349 738 1396 transit
744 1349 774 1396 cli

244 1411 300 1460 Vox
308 1413 452 1471 obtunditur,
462 1422 532 1477 atque
542 1413 616 1461 aureis
626 1413 721 1461 confusa
730 1427 774 1476 pen

243 1475 278 1523 Et
288 1478 388 1525 sonitum
398 1478 483 1541 potius,
494 1494 565 1541 quam
576 1480 653 1536 verba,
664 1477 774 1525 audirevi

279 1540 341 1598 Hoc,
352 1543 394 1605 qui
405 1542 516 1589 sentimus
526 1557 617 1601 sucum,
627 1542 708 1604 lingua
718 1550 775 1605 atqu

246 1603 384 1652 Plusculum
391 1605 477 1652 habeut
487 1605 512 1652 in
520 1621 544 1653 ae
555 1607 657 1665 rationis,
668 1607 721 1669 plus
732 1621 774 1668 ope

279 1668 338 1716 Prin
352 1669 357 1680 '
375 1669 405 1728 io,
417 1684 498 1717 summ
509 1670 619 1718 sentimus
627 1672 652 1718 in
662 1686 709 1730 ore,
720 1670 774 1718 cibu

151 1762 159 1771 ·
245 1731 339 1782 Mandu
372 1733 556 1797 oerprimimua:
569 1750 610 1782 ceu
618 1736 711 1810 plenam
719 1749 774 1798 spon

248 1797 275 1846 Si
284 1797 337 1861 quis
346 1797 405 1846 forte
414 1813 486 1845 manu
495 1814 606 1862 premere,
618 1815 644 1847 ac
653 1815 745 1859 siccare,
755 1814 774 1847 α

248 1860 316 1921 Inde,
327 1863 390 1927 quod
400 1862 559 1927 exprimimus,
570 1879 612 1927 per
621 1865 699 1911 caulas
709 1878 774 1911 omne

248 1926 355 1986 Diditur,
367 1936 389 1975 et
396 1944 453 1976 rarae
459 1944 500 1991 per
509 1929 579 1992 plexa
588 1929 701 1976 foramina
710 1928 774 1991 lingo

249 1992 312 2050 Hoc,
323 1992 364 2041 ubi
374 1993 441 2041 levia
452 2002 506 2041 sunt
514 2001 633 2040 manantes
644 2007 738 2055 corpora
746 2008 773 2039 su

249 2057 354 2105 Suaviter
363 2057 495 2121 adtingunt,
511 2067 534 2105 et
543 2057 642 2105 suaviter
651 2057 730 2105 omnia
739 2065 774 2104 tra

249 2120 356 2169 Humida
366 2121 456 2183 linguai
465 2123 551 2170 circum
562 2121 667 2169 sudantia
677 2122 774 2183 templa:

248 2185 285 2231 At
295 2193 373 2232 mntra
382 2194 491 2248 pungunt
501 2201 602 2245 sensum,
613 2186 767 2248 lacerantque,

249 2248 344 2306 Quanto
355 2265 453 2312 quaeque
463 2250 537 2312 magis
548 2259 602 2299 sunt
612 2250 732 2312 asperitate
742 2265 774 2313 re]

248 2310 349 2371 Deinde,
360 2313 466 2376 voluptas
476 2322 511 2361 est
521 2331 533 2362 e
544 2330 607 2372 suco,
618 2315 664 2361 fine
674 2313 760 2376 palati;

248 2377 329 2435 Quom
336 2391 389 2424 vero
400 2376 505 2425 deorsum
515 2395 556 2442 per
566 2379 642 2427 fauces
652 2378 774 2442 praecipius

249 2441 325 2489 Nulla
335 2441 440 2503 voluptas
450 2450 492 2500 est,
505 2442 561 2490 dum
572 2443 659 2490 diditur
669 2442 745 2490 omnis
759 2443 774 2489 ir

248 2506 301 2555 Nec
311 2505 379 2553 refert
389 2505 526 2569 quidquam,
537 2522 584 2570 quo
592 2507 653 2554 victu
664 2522 747 2570 eorpus
757 2508 774 2554 a'

248 2570 315 2619 Dum
325 2570 403 2630 modo,
414 2571 477 2634 quod
487 2571 571 2634 capias,
582 2579 715 2620 concoctum
725 2570 774 2618 dide

248 2638 363 2694 Artubus,
373 2643 396 2683 et
406 2636 517 2683 stomachi
527 2635 661 2683 humectum
670 2651 758 2683 servare
768 2644 774 2682 t

280 2701 352 2748 Nunc
362 2700 412 2748 aliis
422 2700 481 2747 alius
491 2700 533 2762 qui
544 2699 573 2746 sit
584 2699 656 2755 cibus,
668 2708 695 2747 ut
705 2700 774 2747 videar

248 2764 395 2827 Expediam:
420 2764 467 2827 qui
477 2780 537 2823 reve,
553 2763 603 2811 aliis
620 2765 682 2827 quod
700 2763 763 2811 triste

345 2837 387 2885 cst,
