1666 3000
86 156 133 207 136
270 158 473 208 LUCRETIUS.
493 157 525 205 V.
542 158 581 205 114.

82 288 190 344 Quorum
201 297 308 336 naturam
319 288 439 351 triplicem,
449 287 493 334 triu
503 301 606 349 corpora,
619 282 739 331 Memmi!

82 352 150 399 'l'reie
159 353 243 416 species
252 362 301 400 tem
312 352 448 410 dissimilem,
460 352 505 398 triu
515 351 572 398 talin
581 358 655 408 texta,
723 350 755 396 115

81 416 137 463 Una
148 416 196 465 dies
206 417 269 465 dubit
280 416 364 472 exitior
381 416 513 479 multosque
523 431 565 478 per
575 428 649 461 annos

81 480 239 541 substentare,
250 489 301 528 ruet
311 481 391 539 moles,
403 488 426 528 et
436 479 553 538 machine,
563 476 657 526 muudi.

115 544 167 593 Neo
183 561 221 593 me
242 544 314 593 enimi
334 544 403 604 fallit,
424 559 497 607 quam
514 558 552 591 ree
572 557 634 591 nove
651 540 759 604 miraque

181 609 255 658 menti

83 672 188 732 Adcidit,
200 673 297 721 exitium
309 672 359 722 coeli
368 681 479 735 terraque
489 671 614 728 futurum
689 668 694 679 “

82 736 125 795 Et,
137 753 209 800 quum
219 737 310 786 difficile
320 737 344 784 id
355 736 413 784 mihi
423 736 454 784 sit
464 736 595 800 pervincere
605 732 688 782 dictiue
710 734 756 781 loo

83 801 120 848 Ut
130 801 165 860 fit,
175 801 218 849 ubi
227 802 342 850 insolitum
352 816 402 848 rem
412 800 518 864 adportes
528 800 624 848 auribus
632 807 696 858 unte,

84 865 110 913 N
111 882 136 914 ee
146 875 224 914 tamen
231 866 291 914 hane
301 866 373 930 possis
383 865 502 912 oculorum
512 864 611 913 subdere
621 863 683 924 visu,

84 929 110 977 N
112 945 137 977 ee
145 932 219 991 jacere
229 930 285 978 indu
296 945 388 987 monus,
397 929 435 976 viu
445 929 492 1004 qui
501 928 594 976 munita
604 927 659 975 fidei
693 945 699 952 ·
729 941 732 944 ’

76 993 205 1042 ¹Pronumu
225 994 270 1042 fert
294 995 425 1057 humanum
450 1009 475 1040 m
503 1002 592 1057 peetus,
622 991 756 1055 templaque

182 1058 274 1106 mentis.

84 1121 132 1170 Sed
141 1129 219 1170 tamen
230 1122 335 1170 eefabor:
354 1122 420 1170 dietis
430 1122 494 1170 dabit
501 1123 552 1186 ipse
559 1120 631 1169 fidem
640 1136 678 1169 ree
711 1120 758 1167 105

86 1185 208 1243 Forsitun3
227 1195 249 1235 et
260 1188 359 1250 graviter
368 1196 490 1245 terrerum,
501 1186 604 1236 motibus
615 1184 680 1242 ontio,

87 1249 176 1297 Omnia
185 1252 330 1314 conquassari
340 1252 365 1298 in
375 1267 446 1314 parvo
457 1260 560 1314 tempore
567 1264 659 1298 oerum:

88 1312 160 1371 Quod
169 1315 250 1376 procul
260 1331 274 1362 a
285 1315 351 1363 nobis
360 1316 437 1362 flectat
447 1316 551 1363 Fortuna
561 1315 709 1376 gubemane3

88 1376 121 1424 Et
131 1377 189 1424 ratio
199 1378 276 1440 potius
287 1394 359 1442 quam
369 1393 404 1426 ree
414 1379 550 1441 persuadent
560 1380 619 1441 ipen,

86 1439 210 1489 Subeidere
218 1440 337 1489 horrisono
348 1458 414 1506 posse
424 1444 502 1490 omnin
512 1443 572 1491 vicu
581 1441 681 1505 fragore.
714 1441 762 1490 110

120 1504 176 1564 Qui
186 1504 250 1568 prius
260 1506 380 1568 adgrediar
390 1522 462 1569 quam
472 1507 501 1555 de
511 1522 536 1555 re
546 1507 643 1554 fundere
653 1506 703 1554 fata

88 1569 202 1631 Sanctius,
211 1577 234 1617 et
244 1571 319 1617 multo
329 1570 390 1618 cerei
401 1571 487 1618 ratione
497 1572 580 1635 magis,
592 1585 663 1634 quum

89 1633 110 1680 P
127 1633 183 1699 thie,
194 1650 247 1698 quer
257 1633 345 1698 tripode
356 1652 370 1682 a
381 1635 472 1692 Phoebi,
483 1635 603 1699 lauroque,
614 1634 737 1698 profatum

120 1699 169 1746 ulte
179 1698 221 1747 tibi
231 1699 351 1763 expediam
362 1700 434 1748 doctis
444 1700 524 1747 solatia
534 1699 615 1748 dictiue

89 1763 211 1827 Religione
221 1763 346 1813 refrenatus
355 1781 385 1812 ne
394 1764 452 1812 forte
460 1765 537 1824 rearis,
713 1763 761 1811 115

89 1827 183 1887 Terra,
195 1838 217 1876 et
228 1830 308 1888 solun,
320 1837 342 1878 et
352 1829 444 1889 nulum,
459 1844 531 1888 more,
543 1829 625 1887 sidera,
636 1827 730 1889 lunum,

91 1891 191 1955 Corpore
202 1893 288 1954 divino,
299 1895 381 1943 debere
392 1904 475 1942 aeternu
485 1909 576 1943 meere:

91 1955 261 2020 Proptereeque
271 1967 346 2020 putee,
357 1960 403 2006 ritu
413 1974 456 2021 pur
466 1973 514 2007 noue
525 1959 655 2022 Gigantum

92 2019 196 2066 Pendere
206 2036 244 2067 eos
254 2038 332 2084 poenus
343 2023 431 2070 inmuni
441 2038 484 2086 pro
494 2023 577 2071 scelere
587 2021 686 2083 omneis,

91 2081 154 2139 Quei
164 2082 251 2130 ratione
261 2085 304 2131 suu
312 2087 441 2136 disturbent
451 2087 536 2134 moenia
545 2086 638 2144 mundi,
716 2087 763 2134 120

93 2144 280 2209 Praeclammque
291 2150 362 2197 velint
372 2152 422 2198 oeli
432 2151 571 2214 restinguere
581 2151 663 2211 solem,

92 2209 326 2259 Inmortnliamortuli
334 2230 437 2263 sermone
448 2224 566 2263 notantes:
648 2254 650 2258 .

93 2274 154 2333 Quae
164 2275 243 2337 procul
255 2291 328 2339 usque
338 2276 395 2325 adeo
406 2278 483 2326 divino
494 2296 508 2326 u
518 2279 614 2327 numine
625 2278 719 2340 distent,

93 2338 169 2402 Inque
180 2338 258 2387 Deum
268 2354 364 2387 numero
375 2357 427 2404 quoe
435 2342 480 2389 sint
490 2344 586 2407 indigno
596 2343 687 2404 videri3

92 2403 207 2451 Notitiam
217 2404 293 2467 potius
303 2407 403 2468 praebere
414 2415 441 2453 ut
451 2422 517 2469 posse
527 2417 648 2471 putentur,
719 2412 766 2458 125

92 2467 158 2526 Quid
168 2469 197 2516 sit
208 2469 272 2517 vituli
282 2478 355 2529 motu,
367 2484 488 2533 sensuque,
499 2482 621 2520 remotum.

126 2532 221 2596 Quippe
236 2543 259 2582 et
276 2534 338 2583 enim
352 2548 398 2582 non
413 2548 454 2592 est,
465 2550 519 2583 eum
530 2552 577 2600 quo
588 2537 623 2585 vis
633 2551 729 2603 corpore
741 2547 769 2589 ut

192 2612 240 2645 esse

94 2658 164 2708 Posse
174 2661 246 2710 animi
256 2670 339 2722 nature
348 2672 450 2727 putetur,
462 2664 646 2728 consiliumque:
