1666 3000
144 190 190 238 too
303 187 505 236 LUCRETIUS.
523 186 569 233 Vl.
586 186 643 241 795.

174 317 328 380 Castoreoque
337 317 402 378 gravi
412 316 495 364 mulier
505 316 579 379 sopita
589 313 714 372 recumbit,
765 311 814 366 795

141 380 176 428 Et
186 381 294 429 manilius
305 380 405 429 nitidum
416 381 499 428 teneris
509 395 568 443 opus
578 379 656 428 ecfluit
667 378 697 436 ei,

143 445 262 509 Tempore
272 461 299 494 eo
310 445 329 492 si
339 445 432 492 odorata
442 454 484 502 est,
496 459 543 508 quo
552 455 673 491 menstrua
682 441 759 490 solvit·

177 510 302 573 Multaque
311 517 420 572 praeterea
429 508 563 572 languentia
572 509 679 555 membra
688 521 730 570 per
740 511 806 553 artus

145 574 254 631 Solvunt,
265 582 335 637 atque
344 573 446 620 animam
457 572 595 620 labefactant
605 571 698 619 sedibus
708 571 780 618 inus·

176 638 292 701 Denique,
303 638 324 685 si
334 637 412 684 calidis
423 637 493 684 etiam
502 645 593 684 contere
602 635 703 683 lavabris
766 633 817 681 8⁰0

146 701 250 759 Plenior,
262 711 284 749 et
294 701 365 749 fueris
373 701 429 748 solio
439 700 545 748 ferventis
555 700 643 763 aquai3

144 766 226 824 Quam
236 765 302 814 facile
311 766 337 812 in
347 765 423 813 medio
434 764 460 812 fit
470 765 519 813 utei
529 765 569 812 des
579 780 640 827 saepe
650 762 750 811 mines?

177 831 357 893 Carbonumque
366 829 442 892 gravis
453 829 495 888 vis,
506 837 576 892 atque
584 828 649 888 odor,
660 827 793 875 insinuatur

144 893 225 952 Quam
243 895 309 942 focile
322 894 347 941 in
357 895 486 952 cerebrum,
502 893 548 941 nisi
564 907 651 956 aquam
662 890 817 956 precepimus

247 961 320 1006 ante?

177 1026 221 1084 At,
233 1038 305 1085 quom
315 1024 421 1070 membra
429 1021 512 1071 domis
521 1022 622 1086 percepit
631 1020 729 1081 fervida,
740 1018 818 1068 navia

146 1088 212 1135 Tum
223 1088 249 1135 fit
259 1087 315 1135 odor
325 1087 374 1135 vini
383 1087 459 1151 plagae
468 1087 596 1135 mactabilis
606 1086 685 1134 instar.
768 1085 818 1132 806

180 1152 264 1200 Nonne
274 1151 337 1200 vides
345 1151 415 1200 etiam
425 1151 485 1200 terri
495 1166 587 1215 quoque
597 1149 673 1198 sulfur
681 1150 707 1197 in
718 1149 770 1214 ipsi

146 1215 252 1278 Gignier,
264 1224 287 1264 et
297 1225 355 1264 tetro
365 1231 504 1264 concrescere
514 1215 582 1264 odore
592 1215 719 1263 bitumen?
785 1262 788 1268 ,

147 1279 263 1342 Denique,
274 1281 316 1328 ubi
326 1281 415 1343 argenti
426 1295 495 1329 venas
505 1280 601 1344 aurique
612 1285 751 1342 sequrmtur,

146 1343 230 1390 Terrai
239 1343 640 1406 penitusscrutantesabditaferro3
769 1343 819 1391 810

145 1405 240 1465 Qualeis
251 1407 350 1469 exspiret
361 1409 504 1470 scaptensula
514 1410 591 1457 subter
601 1407 702 1456 odores?

177 1469 270 1529 Quidve
280 1471 337 1517 mali
344 1470 379 1529 fit,
391 1480 418 1518 ut
428 1472 536 1520 exhalent
546 1480 627 1520 aurata
636 1471 733 1520 metalla
741 1473 754 1521 i

145 1534 212 1595 Quas
222 1533 346 1583 hominum
355 1533 456 1582 reddunt
463 1535 540 1595 ianm,
552 1536 686 1600 qualeisque
693 1536 802 1586 colores?

146 1601 232 1647 Nonne
242 1598 314 1658 vidm,
325 1598 427 1660 audisve,
437 1599 511 1663 perire
520 1600 546 1647 in
555 1610 659 1663 tempore
669 1615 741 1664 parvo

144 1663 224 1723 Quam
234 1663 337 1720 soleant;
356 1673 379 1711 et
388 1679 460 1728 quam
470 1664 527 1723 vitai
537 1665 602 1728 copia
611 1664 679 1725 desit,
767 1665 818 1713 olo

145 1727 212 1787 Quos
221 1744 290 1792 opere
300 1729 325 1776 in
335 1729 377 1777 teli
387 1729 477 1778 cohibet
487 1728 521 1777 vis
531 1743 625 1791 magna,
636 1743 729 1779 amose
738 1731 795 1779 αεὶ

146 1792 198 1841 Hos
208 1793 279 1857 igitur
289 1795 357 1842 tellus
364 1793 452 1841 omneis
463 1801 574 1841 exestuat
583 1801 672 1852 estun

145 1856 758 1973 lott‘qltl‘nit‘ltttctffstqltaml

145 1983 291 2033 Mortiferam
302 1987 360 2046 vim,
371 1985 400 2034 de
410 1986 471 2036 terri
481 2002 534 2051 quae
543 1985 618 2048 surgit
627 1985 652 2032 in
662 2002 741 2049 aum,
767 1986 816 2037 Bw

145 2048 180 2095 Ut
190 2049 291 2111 spatium
301 2051 352 2098 nali
360 2049 462 2113 quidam
472 2051 501 2099 de
510 2059 576 2114 parte
586 2059 701 2108 venenet3

144 2112 200 2171 Quo
211 2112 317 2160 simulac
327 2115 431 2177 primum
442 2115 523 2178 pennis
534 2114 610 2162 delata
620 2114 650 2162 sit
660 2114 717 2174 ales,

145 2176 281 2239 inpediatur
291 2177 345 2235 ibei,
357 2194 415 2226 casco
426 2189 534 2243 conrepta
544 2193 639 2238 veneno,

145 2242 180 2289 Ut
190 2240 256 2289 cadet
267 2256 279 2289 e
289 2242 381 2304 regione
391 2242 444 2301 loci,
456 2244 504 2306 qui
514 2243 591 2306 dirigit
602 2251 671 2292 notus
681 2263 688 2292 t

144 2306 199 2364 Quo
210 2320 282 2370 quom
292 2306 381 2354 conruit
391 2306 441 2354 haec
451 2307 530 2354 eadem
541 2308 575 2354 vis
583 2307 645 2355 illius
657 2309 737 2368 restis,
768 2311 814 2358 825

146 2371 265 2435 Reliquias
276 2371 328 2419 vitae
338 2372 448 2418 membris
459 2387 488 2418 ex
499 2371 607 2419 omnibus
617 2371 700 2421 aufert.

144 2436 241 2499 Quippe
258 2444 281 2483 et
301 2436 373 2495 enim,
394 2435 470 2498 primo
491 2436 558 2500 quasi
579 2437 707 2500 quemdam
728 2437 812 2486 conciet

242 2508 339 2556 aestum3

145 2563 260 2610 Posterius
268 2563 303 2622 fit,
314 2564 370 2621 utei‚
382 2579 453 2626 quom
461 2565 509 2625 jam
521 2564 620 2613 cecidere
630 2567 713 2614 veneni

144 2626 174 2672 ln
182 2627 268 2674 funteis
278 2627 348 2691 ipsos,
359 2628 393 2676 ibi
403 2628 433 2676 sit
443 2643 536 2693 quoque
546 2629 594 2678 vita
604 2631 732 2692 romundo,

315 2888 430 2930 A
