1666 3000
281 160 484 212 nvcnurws
501 161 534 210 V.
550 161 607 217 272.
730 156 774 204 lil

109 290 239 340 converit:
257 290 313 340 inde
322 306 393 355 super
402 300 473 339 terras
483 290 535 338 duit
542 288 635 351 agmine
645 287 715 344 dulci,
732 288 779 340 272

114 356 165 413 Qus
175 356 216 404 via
224 364 288 404 seete
297 357 369 403 semel
379 354 467 419 liquido
477 355 535 418 pede
542 352 625 401 detulit
635 350 716 397 undas.

141 420 210 467 Adra
220 434 285 468 nune
296 419 368 483 igitur
377 420 461 478 disum,
473 418 529 482 quid
539 432 632 479 corpore
640 423 688 462 toto

114 482 316 532 Innumersbiliter
325 484 401 546 privas
411 493 514 530 mutetur
520 483 546 529 in
556 483 635 528 horest
732 479 780 531 275

111 548 204 611 ilenper
215 548 289 608 enim,
300 547 479 611 quodquomque
489 546 542 594 fluit
552 546 580 593 de
590 546 666 601 rebus,
677 542 702 590 id
712 557 781 589 omne

113 612 177 659 diris
187 612 215 659 in
224 626 340 674 magnum
348 611 421 659 fertur
430 626 509 667 msre;
526 610 567 673 qui
577 609 622 655 nisi
632 616 710 656 eontra

113 674 214 739 Corpore
223 676 335 724 retribuet
345 677 421 734 rebus,
432 684 562 737 recreetque
572 672 684 730 fluenteis,

115 738 199 788 Omnia
207 741 260 801 jorn
270 739 370 787 resolute
379 739 463 798 forent‚
475 747 497 786 et
506 738 531 785 in
540 738 593 785 sira
601 752 673 785 uorsa.

116 802 183 852 Haud
190 804 267 866 igitur
276 812 348 851 cesset
357 803 421 866 gigni
431 803 460 850 de
470 804 546 861 rebus,
555 810 578 849 et
588 802 612 848 in
623 816 658 848 res
732 800 780 847 280

115 866 231 925 Reddere,
242 867 338 915 adsidue
346 885 353 914 ι
371 866 481 931 quonism
488 866 559 913 fluere
566 864 644 913 omnia
653 871 748 911 constet.

143 932 238 995 largus
248 932 306 979 item
316 931 399 994 liquidi
409 931 463 979 funs
473 930 576 988 luminis,
589 928 695 977 aedrerius
705 927 748 987 sol,

118 994 205 1059 lorigst
214 994 311 1043 adsidue
319 996 402 1043 ooelum
413 994 509 1041 eundore
520 993 611 1052 recenti,

118 1059 299 1124 Subpeditstque
308 1074 368 1107 novo
376 1059 497 1108 confestim
507 1059 596 1106 lumine
606 1059 693 1105 lumen.

117 1123 188 1183 Nm,
195 1123 305 1188 primum
329 1122 425 1186 uidquid
436 1122 532 1185 fulgoris
542 1121 635 1185 disperit
645 1122 675 1179 ei,
732 1121 779 1167 285

119 1187 291 1262 Quoquomque
302 1139 400 1235 alcide:
418 1186 442 1233 id
457 1187 509 1234 lieet
523 1185 577 1234 hine
587 1200 719 1248 cognoscere
729 1199 784 1248 pos-

211 1267 262 1301 m.

118 1315 193 1376 Quod,
204 1285 278 1365 simirl
287 1331 315 1364 oo
323 1317 426 1380 primum
434 1318 507 1365 nubes
514 1314 636 1365 subsedere
645 1314 688 1364 soli

119 1380 219 1445 crepere,
230 1388 254 1428 et
264 1380 339 1429 radios
349 1381 407 1429 inter
434 1381 483 1429 ussi
494 1396 600 1443 rumpere
610 1381 683 1437 lueisr

119 1445 154 1493 Ex
164 1446 255 1509 templo
264 1444 357 1493 inferior
367 1460 420 1508 pers
448 1461 514 1492 orum
525 1445 619 1508 disperit
626 1445 710 1503 omnis,

120 1508 236 1574 Terraque
246 1509 400 1569 inumbratur,
412 1510 459 1572 quit
474 1509 560 1558 nimbei
576 1525 693 1573 quomque
709 1509 785 1556 fersn-

213 1582 270 1630 tur3
736 1575 784 1620 200

120 1638 151 1687 Ut
160 1654 243 1687 nosses
253 1638 371 1701 splendore
381 1653 441 1686 novo
451 1654 487 1687 res
499 1654 588 1702 semper
599 1654 672 1700 egere,

120 1702 150 1750 Et
158 1704 264 1766 primum
272 1704 360 1763 jectum
370 1703 466 1766 fulgoris
476 1718 591 1766 quemque
601 1701 688 1764 perires

122 1766 169 1816 Nee
179 1768 269 1815 ratione
278 1767 325 1814 alie
334 1783 369 1815 res
379 1783 445 1830 posse
454 1768 479 1815 in
490 1768 537 1815 sole
547 1766 626 1823 rideri,

123 1832 236 1895 Perpetuo
246 1831 272 1878 ni
282 1831 411 1894 subpeditet
421 1832 479 1879 lueis
490 1838 560 1893 caput
570 1829 654 1892 ipsum.

151 1896 218 1956 Quin
228 1895 298 1943 etism
307 1907 419 1943 nocturna
429 1896 479 1954 tibi,
491 1894 603 1941 terrestris
613 1909 666 1956 quae
676 1899 738 1951 sunt,

124 1959 233 2018 luminu,
243 1959 367 2022 pendentes
377 1960 476 2022 lyehnei,
490 1960 601 2021 dareque
611 1957 708 2005 coruscis
739 1958 788 2006 296

123 2023 274 2087 Fuigudbm,
284 2023 381 2086 pingues
391 2024 467 2071 multi
477 2023 582 2085 fuligine,
593 2022 659 2082 tede,

124 2087 244 2137 (bnsbnili
254 2096 377 2151 properent
386 2087 482 2147 ratione,
493 2088 572 2137 ardore
582 2086 687 2135 ministro

124 2151 273 2216 Subpeditsre
294 2167 380 2199 norum
406 2154 494 2211 lumen,
516 2161 613 2201 tremere
639 2152 732 2216 ignibus
753 2152 790 2198 in-

128 2278 229 2341 Insunt,
250 2294 292 2329 nee
312 2281 363 2329 loce
383 2282 435 2341 lux,
457 2279 516 2328 inter
537 2281 603 2345 qussi
624 2290 701 2345 rupta,
723 2280 792 2327 relin-

238 2344 289 2393 nitr
742 2345 790 2389 300

126 2407 206 2483 Usque
221 2359 282 2457 ‘ideo
296 2417 442 2472 properanter
459 2411 489 2457 ab
505 2410 613 2456 omnibus
629 2406 722 2468 ignibus
739 2407 760 2452 ei

127 2471 233 2521 Emeum
244 2474 312 2521 eeleri
324 2474 433 2521 celeratur
443 2472 530 2534 origine
540 2473 648 2518 sssmmre.

128 2536 164 2585 Sic
173 2536 245 2599 iginrr
254 2538 336 2595 solem,
347 2538 437 2595 lunam,
448 2536 577 2596 stellasque,
588 2531 718 2595 putandum

128 2599 167 2649 Ex
176 2601 223 2649 alio
233 2610 304 2664 etque
313 2601 359 2648 elio
369 2602 445 2648 luoem
454 2601 538 2659 jactare
548 2599 652 2651 subortu,
745 2596 793 2643 304

126 2664 161 2717 nt
168 2665 274 2731 primunr
285 2664 399 2729 quidquid
409 2664 558 2711 flammarum
568 2658 661 2724 perdere
671 2675 759 2725 semper
769 2677 777 2716 3
