1666 3000
95 175 140 220 152
262 171 466 220 LUCRE'PIUS.
484 170 515 219 V.
532 171 588 217 663.

89 300 210 364 Dispersus
221 301 294 364 igneis
304 300 386 347 orienti
396 299 485 346 lumine
496 299 574 356 oerni;
709 301 725 346 6

90 365 150 413 Inde
157 366 216 413 coire
224 366 320 427 globum
329 363 395 428 qussi
401 363 427 409 in
434 372 545 419 uuum,et
551 362 666 411 coniecere
671 364 725 412 orbe

122 430 174 478 Neo
183 439 261 477 tomen
271 428 331 476 illud
341 429 366 476 in
376 428 422 475 hiis
431 428 499 475 rebus
510 427 616 476 urirebile
625 427 694 476 debet
708 429 725 475 6

89 493 158 551 Esse,
169 492 704 558 quodhaeoignistomoertotemporeposnint

91 558 185 607 Semne
195 558 316 616 oonfluere,
327 566 351 605 et
360 557 414 605 solis
424 571 529 620 reperere
539 557 646 604 nitorem.

92 620 173 669 Mults
182 622 287 670 videmus
296 621 367 679 enim,
379 629 440 669 nerto
450 636 503 684 quo
511 629 614 684 tempore
623 620 685 669 dnut

92 686 210 735 Omnibus
219 686 245 734 in
255 689 339 742 rebuss
356 686 477 733 florescunt
490 694 592 748 tempore
602 694 664 734 nerto

91 752 204 809 Arbusts,
215 760 239 799 et
248 760 309 799 oerto
319 750 439 798 dimittunt
447 758 550 813 tempore
559 749 657 799 florens
710 750 725 797 d

93 814 145 863 Nee
155 815 233 863 miuus
242 815 267 862 in
278 823 338 863 ωηο
345 814 433 863 denteis
442 813 523 863 oedem
532 814 622 877 inpsnt
632 822 690 863 tetes

92 878 217 943 Tempore,
228 888 251 928 et
260 880 371 943 inpubem
382 878 448 927 molli
458 879 581 942 pubesoere
591 887 663 939 veste,

92 943 126 991 Et
136 944 222 1007 pariter
230 944 325 991 molle·
335 944 403 992 mulis
413 943 532 991 demittere
541 944 645 990 bubum.

91 1008 202 1055 Fulmina
211 1016 333 1070 postremo,
345 1007 396 1065 nix,
405 1007 498 1064 imbres,
508 1007 598 1065 nubilo,
609 1007 694 1067 mid,

91 1071 148 1119 Non
158 1070 227 1120 nimis
237 1071 328 1119 incertis
337 1069 397 1118 fiunt
407 1070 431 1117 iu
442 1072 546 1133 portibus
554 1071 618 1118 enni.
711 1073 725 1120 6

91 1136 209 1200 Namque,
221 1136 262 1185 ubi
272 1136 304 1184 sic
313 1135 407 1182 fuerunt
416 1149 547 1183 osusmrum
559 1135 654 1183 exordis
663 1136 725 1200 prim

90 1198 172 1264 Atque
180 1201 214 1249 ite
224 1216 260 1249 res
269 1199 351 1249 mundi
361 1199 460 1247 cecidere
469 1200 499 1246 sb
510 1197 598 1261 origine
607 1200 694 1262 primi,

90 1263 227 1327 (knsequim
236 1265 345 1341 quodque
354 1272 389 1311 est
396 1265 446 1325 jem
456 1277 534 1310 rerum
544 1277 573 1310 ex
584 1262 667 1312 ordine
676 1274 725 1313 sert

122 1327 228 1377 Gresoere
238 1339 341 1393 itemquo
351 1328 399 1377 dies
409 1328 471 1386 lioet,
482 1335 506 1376 et
515 1328 629 1375 uomere
639 1329 725 1378 nooteis

90 1389 124 1438 Et
133 1390 209 1439 minui
219 1392 288 1450 lnoes,
299 1408 372 1456 quom
382 1400 475 1440 sumunt
484 1390 594 1454 augmina
604 1401 683 1442 noctes
691 1409 700 1450 ς
709 1395 725 1442 6

88 1454 151 1513 Aut,
163 1455 219 1518 quie
228 1457 263 1504 sol
273 1455 345 1516 idm,
357 1458 400 1504 sub
411 1465 482 1504 terres
492 1472 507 1503 s
532 1470 562 1502 ue
572 1471 682 1519 superne,

90 1518 213 1582 Inparibus
221 1534 312 1568 cuneus
322 1519 479 1579 orusruotibus,
537 1519 582 1566 eris
591 1535 643 1569 orus

88 1582 172 1642 Paruit,
183 1593 206 1632 et
216 1584 240 1632 in
251 1584 335 1647 parteis
344 1598 391 1631 non
401 1600 479 1648 aequss
489 1582 571 1631 dividit
581 1586 681 1644 orbum

88 1647 130 1707 Et,
141 1647 204 1711 quod
214 1650 244 1696 sb
253 1648 469 1697 alterutrumne
478 1655 552 1711 parts,
563 1649 655 1712 reponit

86 1711 147 1773 Ejus
157 1712 183 1760 in
192 1713 288 1762 advorsi
295 1721 358 1761 teuto
367 1713 420 1776 plus
429 1721 503 1775 perte,
514 1713 616 1769 relstuse
709 1715 725 1762 6

88 1776 170 1825 Dones
179 1778 209 1825 sd
219 1777 244 1825 id
254 1778 346 1841 rignum
353 1777 403 1825 omli
412 1777 523 1841 pervenit,
535 1776 576 1824 ubi
586 1777 643 1825 snui

88 1841 115 1887 N
115 1841 173 1890 odus
183 1851 305 1890 nocturnes
313 1849 418 1905 exequat
426 1841 517 1889 lucibus
524 1842 635 1889 umbress

87 1906 163 1958 (Nem
173 1906 249 1953 medio
258 1921 327 1954 ωηο
337 1906 403 1953 flotus
415 1905 549 1979 Aquilonis,
560 1904 684 1967 et'Austri‚

87 1968 190 2017 Distinet
199 1978 290 2033 onusto
300 1970 383 2017 ooelum
392 1968 522 2018 dismmim
531 1980 614 2031 memo,

87 2032 184 2095 Propter
193 2033 296 2095 signiferi
305 2034 432 2097 positurum
442 2034 512 2082 totius
522 2035 591 2092 orbis,
707 2037 725 2084 6

87 2097 175 2143 Annus
185 2097 219 2143 sol
226 2097 251 2143 in
262 2112 309 2160 quo
319 2097 439 2145 oontundit
449 2106 551 2162 tempora
561 2113 663 2162 serpens,

87 2160 191 2223 Obliquo
201 2168 280 2220 terres,
291 2169 315 2208 et
325 2163 417 2221 mlum,
428 2163 517 2211 lumine
524 2164 638 2220 lustranst

88 2224 124 2272 Ut
133 2223 191 2272 ratio
200 2224 300 2272 declarat
310 2240 398 2283 eorum,
410 2227 452 2290 qui
462 2228 512 2275 loos
522 2228 572 2275 coeli

86 2288 181 2348 Omnis,
192 2288 307 2351 dispositis
317 2290 388 2352 signis
398 2301 486 2351 ornato,
498 2291 617 2352 notarunt)

85 2355 145 2413 Aut,
157 2353 212 2417 quis
221 2353 315 2402 mandor
325 2362 359 2402 est
366 2355 432 2402 certis
443 2355 467 2402 in
475 2356 578 2420 portibus
586 2358 635 2416 uiir,
707 2358 725 2405 6

86 2419 135 2466 Sub
146 2419 210 2466 terris
219 2417 272 2466 ideo
282 2420 408 2467 tremulum
416 2421 487 2480 juber
494 2419 585 2469 haeeitet
598 2421 657 2486 igni,

84 2482 134 2528 Nec
143 2491 260 2545 penetrare
266 2493 340 2547 potest
347 2484 421 2542 fusile,
430 2493 500 2547 etque
508 2501 623 2550 emergere
632 2486 664 2536 sd
673 2494 725 2537 ortu

84 2545 215 2608 Propterea,
226 2558 303 2598 noctes
313 2549 408 2598 hiberno
418 2557 520 2611 tempore
530 2551 606 2614 longo

83 2608 187 2668 Cessent,
194 2612 251 2660 dum
260 2614 336 2662 veniet
345 2613 459 2662 radiatum
468 2613 556 2678 insigne
566 2616 626 2663 diei:

79 2673 133 2722 Aut
144 2674 221 2735 etism,
232 2677 287 2740 quis
297 2678 329 2727 sie
336 2679 429 2727 alternis
438 2678 542 2742 pertibus
551 2680 606 2727 suni
704 2682 725 2736 7⁴
