1666 3000
159 208 204 254 186
323 200 525 251 LUCRETIUS.
544 200 590 249 vl.
608 201 665 255 427.

159 329 817 394 Inmaredeoolodesoerdanthurmfretaeircumtt

159 398 308 455 Fervescunt,
319 394 417 459 graviter
427 395 567 458 spirantibus
576 395 650 443 iucite
659 393 757 442 debriet

159 462 201 521 Et,
213 474 383 536 quequmnque
392 459 417 507 in
427 474 455 507 co
465 468 516 507 tum
526 466 582 507 sunt
593 459 707 522 deprereu
718 457 823 505 trimultu

160 526 262 589 Nevigie
271 541 296 572 rn
307 538 426 571 nummum
436 524 533 572 veniunt
542 532 626 571 vexete
636 522 762 587 periclem·
784 522 800 569 d
823 528 828 561 Ι

161 593 216 639 Hoc
225 590 261 649 fit,
271 589 313 637 ubi
323 588 439 636 interdum
449 603 496 636 non
506 587 559 651 quit
568 588 604 635 vis
613 587 685 635 inoitc
694 586 760 635 venti

163 656 291 718 Rumpere,
303 667 373 716 quem
383 652 452 715 cepit,
464 654 567 708 nubem,
585 651 625 700 sed
637 650 756 715 deprimit,
767 658 795 699 ut
809 672 833 691 zv·

163 719 194 767 In
205 734 268 766 mere
278 717 307 765 de
316 716 373 765 coelo
382 724 430 764 tem
447 731 502 764 uem
510 715 609 764 demisse
618 717 726 764 columne

163 782 306 838 Peullstim
339 780 389 827 ussi
396 733 453 844 quid
460 795 539 844 pugno
546 780 681 844 brachiique
687 793 788 843 superne

164 847 324 908 Gonjectutru
393 844 713 904 ‚etextcndutruinundesr
786 843 833 890 4¹1⁴

165 910 244 969 Quem
271 925 327 957 uom
334 908 433 967 discidit,
441 909 495 957 hinc
503 908 661 972 prorumpitur
668 908 694 955 in
700 923 766 956 mere
773 922 830 957 ven·

164 975 218 1035 Vis,
227 983 250 1021 et
307 988 370 1020 orem
380 973 466 1020 mirum
474 972 627 1020 concinnatio
635 971 711 1020 undis.

164 1036 332 1086 Vorssbundue
342 1037 404 1085 enim
415 1039 483 1084 turbo
493 1036 616 1096 descendit,
628 1046 652 1085 et
661 1037 728 1085 illem

165 1102 267 1151 Deducit
276 1101 361 1166 puriter
370 1101 433 1148 lento
443 1117 497 1148 eum
508 1116 600 1164 corpore
610 1102 713 1149 nubems

166 1165 492 1228 Qumissimisssscgi'fflidssm
505 1164 751 1229 detruditssdfflquom
768 1187 820 1207 stro

167 1231 213 1279 Ille
222 1231 247 1278 in
258 1245 343 1294 equem
354 1230 431 1278 subito
440 1238 515 1278 totum
523 1229 660 1289 seinmittit,
668 1238 692 1277 et
701 1243 773 1277 omne
787 1230 821 1277 dd

166 1294 261 1343 Excitet
270 1294 360 1357 ingenti
370 1293 446 1342 sonitu
456 1309 528 1353 mere,
539 1294 625 1342 fervere
635 1308 726 1356 cogens.

200 1357 239 1404 Fit
250 1373 351 1422 quoque,
362 1366 390 1405 ut
400 1359 502 1407 involvet
511 1357 574 1407 venti
583 1374 607 1407 se
617 1358 718 1407 nubibus
728 1357 779 1423 ipse

168 1421 266 1480 Vortex,
277 1421 402 1469 conradens
412 1437 442 1469 ex
451 1423 504 1471 aire
514 1421 602 1479 semine
611 1422 695 1480 nubiet

167 1485 202 1535 Et
211 1485 278 1550 quasi
287 1484 478 1534 demiosumooelo
487 1495 588 1550 prestere
597 1486 708 1535 imitetur.
791 1487 833 1535 d*

168 1550 238 1609 fleis,
247 1549 288 1598 ubi
299 1563 323 1597 se
333 1548 358 1595 in
368 1556 439 1597 terres
448 1549 540 1598 demisit
550 1551 708 1615 dimittitque,

169 1614 282 1663 Turbinis
291 1613 409 1662 inmanem
419 1613 467 1662 vim
477 1615 601 1678 provomit,
611 1624 683 1679 etque
689 1616 807 1680 procedet

168 1679 224 1737 Sed,
236 1679 291 1744 quis
300 1678 328 1727 fit
337 1693 388 1727 rero
398 1678 502 1737 omnino,
512 1679 655 1743 montesque
664 1695 757 1729 necesse
767 1688 802 1729 est

169 1744 276 1793 Obflcere
286 1744 310 1792 in
321 1743 404 1800 terris3
420 1743 516 1807 adpetet
525 1743 626 1792 erebrius
636 1744 700 1792 idem

169 1807 729 1872 Prospectumerisinmegno‚cuioquepetenti
792 1809 824 1856 tt

201 1873 227 1921 N
228 1873 292 1921 ubils
301 1879 455 1930 concrescent,
463 1872 505 1920 ubi
514 1888 608 1936 corpore
617 1873 693 1921 multe
700 1872 809 1933 volendo,

170 1936 223 1986 Hoc
234 1952 303 2000 super
312 1936 396 1985 incoeli
406 1935 489 2000 spatio,
500 1936 573 1985 coiere
583 1945 677 2001 repente

168 2000 309 2075 Asperiore3
326 2000 401 2049 modis
410 2017 464 2064 que
473 2000 560 2064 possint
567 2000 703 2065 indupedita

168 2063 269 2125 Exrguis
278 2073 355 2112 temen
365 2065 425 2113 inter
435 2079 460 2113 se
470 2080 591 2128 conpressa
597 2065 677 2114 teneri.

169 2128 229 2175 Haec
238 2126 326 2176 faciunt
333 2128 436 2190 primum
446 2145 528 2192 parvus
538 2129 659 2178 consistere
669 2130 766 2179 nubeisx
791 2132 804 2179 4

170 2191 229 2240 Inde
239 2207 266 2239 ee
276 2192 434 2255 conprendunt
444 2193 503 2242 inter
511 2209 542 2252 se,
551 2209 639 2257 conque
648 2204 784 2258 gregantur,

169 2256 203 2305 Et
213 2255 377 2319 conjungundo
388 2266 499 2317 crescunt,
510 2259 629 2321 ventisque
636 2258 745 2306 feruntur

171 2322 252 2385 Usque
262 2320 327 2379 adeo,
339 2319 410 2368 donec
420 2330 544 2385 tempestas
555 2338 616 2370 saeve
625 2332 702 2370 coorte
713 2332 755 2371 est.

203 2386 250 2445 Fit,
261 2400 361 2448 quoque,
373 2384 421 2432 utei
431 2386 515 2433 montis
526 2386 601 2434 vicine
611 2388 732 2435 cacumine
742 2387 784 2436 coel

170 2450 250 2510 Quem
262 2449 308 2497 sint
318 2450 418 2513 quoique
428 2450 510 2512 magis,
520 2459 584 2498 tento
594 2452 669 2514 magis
680 2451 742 2501 edite
751 2453 782 2500 fut

170 2514 276 2562 Adsidue
286 2513 356 2561 fulve
366 2514 434 2562 nubis
445 2513 541 2577 odigine
549 2516 640 2564 cressi:

169 2578 301 2640 Propterea,
313 2578 375 2640 quie,
387 2593 457 2653 quom
468 2578 597 2626 consistunt
608 2581 690 2628 nubile
700 2581 773 2645 primo

168 2642 234 2687 Ante
244 2642 320 2688 videre
330 2642 403 2690 oculei
414 2658 485 2705 quem
495 2643 582 2705 possint
593 2645 680 2705 tenuia,
691 2645 767 2694 ventei

164 2704 291 2755 Porteutes
303 2713 390 2771 eogirnt
399 2706 430 2756 ed
439 2721 531 2755 summe
540 2708 661 2757 cacumine
670 2710 764 2760 montis.

448 2922 554 2963 ἱ
