1666 3000
228 192 431 242 LUGRETIUS.
450 192 496 241 vl.
513 194 570 241 535.
691 196 735 242 loo

96 320 169 371 Nunc
179 337 230 385 ege,
241 337 294 385 quoe
304 322 362 370 rutio
372 324 441 371 terrui
450 322 552 371 motibus
561 330 644 381 astet
688 324 735 370 535

63 386 175 449 Percipet
188 395 211 434 et
220 387 245 432 in
256 387 337 449 primis
347 395 431 434 terram
441 387 490 435 face
500 395 528 434 ut
538 401 587 435 esse
597 386 667 434 rearis

63 450 149 497 Subter
158 451 224 509 item,
235 459 262 497 ut
273 466 363 514 strpere,
374 452 472 499 ventosis
480 450 584 515 undique
593 450 686 514 plenam

63 514 184 576 Speluncis
192 532 201 571 ς
218 514 350 578 multosque
359 516 431 573 lucus,
442 515 573 579 multasque
582 516 685 574 lacunae

64 577 94 624 In
105 580 194 640 gremio
204 594 290 641 gerere,
301 589 324 626 et
335 580 420 642 rupeis,
431 580 570 643 diruptoque
579 595 652 628 suro:

62 642 190 706 Multaque
199 644 243 691 sub
253 651 316 706 tergo
327 647 395 691 terrui
404 643 503 691 flumina
511 652 572 692 totto
685 644 733 690 540

63 705 164 754 Volvere
174 707 198 755 vi
208 706 300 765 fluctus,
312 710 429 756 submerso
440 709 513 771 cupite
522 708 653 771 putendum
664 718 714 756 est:

62 771 174 834 Undique
184 771 246 818 enim
254 771 353 819 similem
364 787 412 820 esse
422 773 468 831 sui,
479 788 514 819 ree
524 774 626 835 postulet
635 774 692 838 ipse.

96 835 152 884 Hiis
162 835 233 898 igitur
243 837 312 883 rebus
321 837 458 898 subjunctis,
469 836 646 900 subpositisque,

61 898 133 947 Terra
143 915 241 962 superne
250 900 336 957 tremit,
347 901 438 963 magnis
448 915 556 949 concussa
565 901 638 949 ruinis

60 966 153 1022 Subter,
165 964 206 1012 ubi
215 964 327 1026 ingenuis
338 965 457 1028 speluncas
466 965 556 1012 subruit
566 974 637 1022 retest
681 966 728 1013 545

61 1028 157 1091 Quippe
167 1028 252 1076 cedunt
262 1028 317 1076 totei
327 1038 424 1087 montes,
435 1044 567 1092 magnoque
576 1039 669 1093 repente

61 1093 181 1140 concussu
190 1092 237 1140 lete
247 1092 377 1156 disserpunt
387 1093 441 1142 inde
451 1102 575 1142 tremoresr

62 1156 96 1203 Bt
105 1157 206 1213 merito;
224 1157 342 1220 quonium,
352 1157 443 1220 plostris
453 1172 570 1216 concussu,
581 1158 716 1206 tremiscunt

63 1221 145 1279 Tecta,
157 1222 219 1268 vium
229 1230 330 1285 propter,
341 1235 388 1268 non
398 1236 483 1284 magno
493 1220 602 1284 pondere,
613 1231 675 1270 tota:

63 1285 114 1333 Nec
123 1285 202 1332 minue
213 1285 329 1333 exsultant
339 1285 406 1341 aedes,
416 1286 576 1349 ubiquumque
585 1286 690 1350 equitum
699 1286 733 1334 vis

64 1349 171 1397 Ferratus
182 1350 299 1413 utrimque
308 1359 411 1397 rotarum
421 1349 522 1399 subcutit
531 1351 613 1399 orbeis.
684 1353 729 1397 551

96 1414 137 1461 Fit
144 1427 246 1477 quoque,
252 1414 434 1478 ubeimagnesin
441 1431 508 1479 uquae
514 1416 733 1480 vastosquelscunes

64 1479 141 1527 Glebn
151 1486 263 1526 vetustate
272 1494 302 1526 ex
312 1480 373 1527 terri
382 1479 524 1543 provolvitur
533 1479 623 1543 ingens,

64 1543 98 1590 Ut
106 1544 206 1604 jactetur
215 1558 282 1606 nquae
291 1542 364 1591 fluctu
374 1559 467 1608 quoque
477 1553 538 1593 terro
547 1545 672 1604 vacillens3

63 1607 97 1655 Ut
108 1622 149 1655 vus
159 1607 246 1654 interea
255 1621 301 1655 uon
313 1608 365 1672 quit
373 1618 483 1663 constme,
494 1609 539 1657 nisi
548 1608 633 1657 humor
681 1611 729 1655 555

63 1671 160 1720 Destitit
169 1671 195 1718 iu
205 1671 276 1719 dubio
286 1671 358 1720 fluctu
365 1672 470 1734 juctarier
481 1672 550 1720 intus.

95 1735 219 1796 Praetereo,
230 1744 312 1784 ventus
320 1751 400 1799 quom,
411 1751 452 1798 per
461 1736 512 1784 loce
522 1737 622 1785 subcava
628 1745 694 1785 terrae

61 1800 194 1859 Conlecnrs,
201 1809 266 1864 purte
277 1816 306 1848 ex
316 1800 364 1847 unit
374 1799 513 1862 procumbit,
524 1809 548 1848 et
557 1811 641 1864 urguet

62 1864 173 1913 Obnixus
182 1864 273 1927 magnis
283 1865 402 1928 speluncas
412 1863 499 1912 viribus
509 1865 567 1912 altos
576 1883 586 1924 3

63 1928 183 1977 Incumbit
192 1930 269 1988 tellus,
280 1943 327 1992 quo
337 1928 401 1977 venti
410 1943 483 1991 prona
492 1929 577 1992 premit
586 1930 637 1978 vise
683 1930 732 1976 560

64 1994 138 2052 Tum,
150 2009 233 2056 supere
243 2001 386 2056 terramque
396 2001 450 2041 sunt
460 2001 576 2042 exstructa
584 1994 715 2052 domorum,

62 2058 103 2105 Ad
114 2057 244 2120 coelumque
254 2057 328 2120 magis
337 2066 424 2121 quanto
434 2066 489 2105 sunt
499 2057 561 2106 editu
570 2074 678 2123 queque,

62 2124 91 2171 ln
102 2122 188 2171 clinau
197 2121 287 2170 minent
296 2122 322 2168 in
332 2120 446 2181 eumdem,
452 2122 552 2185 prodite,
558 2133 648 2187 purtem
657 2141 666 2181 ς

61 2188 231 2250 Protrnctaeque
241 2188 316 2234 trebes
326 2186 457 2249 inpendent,
465 2186 499 2235 ire
508 2198 603 2251 purete.

61 2252 94 2300 Et
104 2258 213 2298 metuunt
220 2251 300 2313 magni
310 2260 417 2298 naturam
428 2251 519 2300 credere
528 2253 611 2301 muudi
681 2255 729 2300 565

61 2315 164 2364 Exitinle
172 2313 266 2378 aliquod
276 2323 368 2378 tempus
377 2313 513 2379 clademque
522 2331 625 2377 munere,

59 2381 141 2440 Quom
151 2379 243 2427 uideant
258 2387 346 2426 mutam
357 2388 469 2427 terrarum
480 2380 613 2429 incumbere
622 2382 708 2431 molem
719 2385 730 2431 ἲ

58 2444 140 2504 Quod,
152 2443 197 2491 nisi
207 2443 316 2505 respirent
327 2442 410 2502 ventu,
422 2444 456 2491 vis
466 2443 532 2490 nulls
541 2444 639 2493 refrenet

59 2510 117 2568 Res,
128 2522 205 2571 neque
215 2509 245 2554 eb
256 2507 326 2556 exitio
335 2507 407 2570 possit
416 2507 580 2569 reprehendere
590 2509 695 2556 eunteis:

59 2575 142 2631 Nunc,
153 2571 209 2635 quie
219 2571 331 2635 respirent
340 2571 442 2628 alternis,
449 2570 520 2634 inque
529 2582 674 2634 grovesmnt,
681 2575 729 2629 570

58 2638 101 2698 Et,
112 2636 303 2713 quusiwnlectei,
311 2635 415 2693 redeunt,
422 2634 551 2698 ceduntque
561 2637 676 2699 repulsei3

58 2704 150 2766 Soeprus
160 2699 221 2749 benc
230 2701 261 2750 ob
270 2713 320 2750 rem
329 2698 450 2748 minitetur
460 2707 523 2749 terre
530 2699 624 2761 murus,
