1666 3000
288 289 333 345 172
447 288 651 339 LUGRETIUS.
668 291 699 338 V.
719 290 781 339 1388

285 415 316 464 ln
323 418 437 479 medium,
448 419 552 495 ratioque
562 419 586 465 in
597 418 692 466 luminis
703 418 763 467 eruit
773 435 782 465 t

315 480 376 531 Htec
385 483 474 531 enimus
484 484 536 532 ollrs
545 483 686 544 mulcebant,
697 492 768 547 etque
775 486 782 544 j

282 543 507 605 Cumndetecibi3
523 547 782 596 nemtumsuntotisc

314 612 381 675 Saepe
390 612 468 676 ireque
477 612 537 659 inter
546 626 579 668 se,
590 611 710 675 proetrsoei
720 612 744 658 in
756 627 782 674 gr

281 674 380 739 Propter
389 692 456 740 nque
466 676 553 733 rivum,
564 677 607 723 sub
618 675 688 723 ramis
699 676 782 723 erboris

282 739 339 787 Nun
349 739 534 803 meprris'opibur
541 738 642 801 jocunde
652 755 747 802 corpore
756 739 782 786 br

283 802 423 863 Prosertim,
439 819 512 868 quom
522 812 643 866 tempestus
654 804 751 859 ridebat,
763 812 782 851 et

281 866 400 931 Tempore
408 867 534 932 pingebant
544 866 675 915 viridanteis
680 868 776 916 floribus

281 930 346 979 'l'um
355 933 417 994 joce,
427 941 479 980 tum
489 946 572 991 senno,
583 939 635 978 tum
645 930 723 980 dulces
732 947 782 980 esse

281 994 443 1046 Crumerum:
459 995 553 1060 agrestis
563 995 625 1043 enim
635 1004 686 1044 mm
697 1012 782 1043 musar

280 1060 343 1108 'lum
353 1069 430 1124 ceput,
440 1069 511 1124 etque
520 1060 636 1120 humeros,
647 1060 721 1123 plexis
731 1059 782 1107 redi

281 1122 396 1179 nonus,
408 1133 432 1173 et
440 1124 509 1182 foliis,
518 1123 610 1172 lascivia
617 1125 671 1172 laeu
681 1126 782 1172 monebu

281 1189 363 1252 Atque
368 1197 560 1237 extrenumerum
565 1188 693 1251 procedere,
701 1190 781 1236 memb

281 1252 782 1315 Duriter3etduroterrempedepellererr

281 1316 352 1365 Unde
361 1317 492 1365 oriebantur
502 1317 568 1375 risus,
581 1316 705 1380 dulcesque
715 1317 782 1364 cschi

280 1380 369 1429 Omnis
379 1382 442 1445 quod
451 1389 572 1429 novatum
578 1381 652 1444 magis
658 1380 716 1440 hec,
724 1390 746 1428 et
752 1382 782 1428 mi

280 1443 314 1491 Et
324 1444 473 1506 vigilantibus
483 1445 538 1492 hinc
547 1445 641 1493 edereut
651 1445 731 1493 solatia
741 1461 782 1493 son

280 1506 372 1555 Ducere
381 1509 525 1557 multimodis
535 1524 608 1567 voces,
619 1518 642 1556 et
652 1509 740 1557 flectere
750 1524 782 1556 cer

280 1569 313 1618 Et
323 1586 405 1634 supere
415 1572 513 1620 celemus
524 1588 583 1620 unco
593 1589 723 1636 percurrere
732 1573 782 1620 lubr

280 1634 358 1695 Unde,
374 1635 445 1683 edem
455 1635 542 1699 vigiles,
553 1651 616 1684 nunc
625 1636 674 1685 hec
684 1638 780 1701 adcepte

279 1698 315 1747 Εἰ
324 1699 426 1747 numeris
436 1715 524 1749 servare
532 1715 606 1763 genus
616 1700 729 1758 didicere;
746 1717 782 1749 nec

281 1762 374 1826 Mejore
384 1764 471 1813 interea
480 1764 573 1828 cepiunt
583 1765 703 1813 dulcedine
712 1766 782 1814 fructu

280 1828 362 1887 Quem
373 1831 481 1893 sylvestre
490 1844 563 1893 genus
573 1829 676 1892 cupiebat
686 1831 782 1892 terrigen

313 1895 338 1941 N
340 1910 387 1955 em,
403 1895 466 1958 quod
480 1894 543 1942 adest
553 1903 644 1958 presto,
662 1895 704 1941 nisi
721 1894 778 1958 quid

378 1968 432 2007 ente

282 2022 390 2081 Suevius,
401 2023 426 2069 in
437 2023 517 2086 primis
527 2023 609 2086 plecet,
621 2031 644 2070 et
653 2021 738 2084 pollere
747 2022 782 2070 vid

281 2086 444 2150 Posteriorque
453 2087 501 2134 sere
510 2087 591 2134 melior
602 2101 637 2134 res
647 2085 688 2131 illc
698 2096 782 2147 reperte

281 2150 368 2207 Perdit,
380 2160 403 2197 et
412 2150 521 2209 inmutat,
533 2165 610 2198 sensus
620 2149 650 2196 ed
660 2149 755 2212 pristina
765 2167 782 2213 q

281 2212 319 2259 Sic
326 2213 405 2260 odium
416 2214 476 2277 cepit
486 2215 592 2276 glandisr
610 2214 642 2261 sic
652 2213 692 2259 illu
702 2213 779 2260 relicta

280 2278 356 2324 strata
366 2276 450 2324 cubilia
460 2287 514 2325 sunt
524 2278 610 2336 herbis,
622 2286 645 2325 et
656 2276 777 2324 frundibus

281 2339 351 2387 Pellis
361 2339 417 2386 item
427 2341 517 2400 cecidit,
529 2343 596 2390 vestis
607 2349 736 2404 contempta
746 2341 782 2388 ferj

281 2404 360 2463 Quem
371 2419 420 2451 reor
427 2404 514 2452 invidiis
525 2406 565 2452 teli
578 2421 640 2453 nunc
650 2421 697 2452 esre
708 2415 782 2469 repert

282 2469 316 2518 Ut
325 2469 398 2516 letum
408 2467 506 2528 insidiis,
539 2469 563 2515 ui
571 2469 640 2531 gessit
649 2470 746 2533 primus,
763 2471 782 2517 cl

281 2533 314 2579 Et
325 2541 401 2580 tamen
409 2532 468 2580 inter
476 2547 514 2580 eus
538 2532 544 2543 ’
557 2541 660 2592 uacum,
669 2534 781 2596 sanguine

281 2596 430 2658 Disperiisse;
447 2612 521 2660 neque
530 2596 556 2643 in
566 2597 668 2644 fructum
675 2606 782 2655 consorte

313 2661 382 2708 'Punc
391 2661 462 2724 igitur
472 2663 550 2725 pelles,
561 2674 622 2708 nunc
632 2676 715 2709 eurum
726 2673 749 2710 et
759 2679 782 2726 pr

281 2722 397 2771 Exercent
406 2725 528 2773 hominum
539 2725 618 2783 vitam,
636 2725 741 2790 belloque
751 2727 782 2774 fat

280 2786 336 2845 Quo
347 2787 421 2850 magis
430 2789 455 2836 in
467 2790 540 2848 nobis,
551 2799 578 2837 ut
584 2788 674 2852 opinor,
686 2792 753 2855 culpa
764 2807 782 2839 n
