1666 3000
110 308 156 354 loo
267 303 471 355 LUCBETIUS.
487 303 533 354 Vl.
549 304 606 361 207.

790 392 804 433 ⁴

105 434 172 498 Ignis
189 434 289 495 haberer
312 442 336 483 et
353 434 425 493 enim,
447 448 520 497 quom
534 441 590 481 aunt
610 432 710 481 humore
728 432 774 480 aine
802 490 808 524 a

104 498 284 612 Flmmellrlo'eat
293 565 429 674 plemmgue
439 562 509 623 ooloe,
522 570 546 609 et
555 560 699 624 aplerrdidna,
715 496 772 609 ollssll·

106 627 372 691 Quippeetenimaolia
398 626 743 675 eluminemultonaeeoaeeat
801 642 808 683 ς

105 691 239 755 Concipere,
249 700 277 740 ut
286 692 368 739 merito
377 693 483 749 rubeant,
493 689 614 753 igneisque
623 689 769 754 profimrlant
804 692 808 719 1'

104 756 181 804 llaaoe
191 756 262 819 igitur
271 771 342 819 quom
353 764 435 803 ventus
444 768 513 818 agona
523 754 637 803 oontruait
646 754 672 801 in
683 769 755 802 unum
803 756 808 785 ⁴

104 820 281 895 Conpreoaitque
291 820 377 878 locum,
388 834 484 882 oogena3
501 833 609 885 expressa
618 818 760 883 profundunt
803 820 808 849 ²

103 885 206 941 Semina,
217 900 270 959 quar
280 883 368 932 faciunt
375 883 476 930 flnmmae
485 881 574 945 fulgere
581 882 676 931 oolorea.

135 948 216 1011 Fulgit
225 958 289 1007 itan,
301 963 372 1012 quom
382 955 500 995 rareaeunt
507 961 600 1021 quoque
610 947 694 995 nubila
703 945 757 995 ooeli.
800 966 806 975 ·

102 1011 176 1070 Nam,
188 1027 260 1089 quom
271 1021 352 1060 ventus
362 1027 400 1060 eoa
408 1011 487 1059 leviter
497 1009 586 1058 drduort
595 1011 695 1070 curteio,
722 1012 765 1059 215
802 1008 808 1041 ²

100 1074 266 1140 Diaeolmtque,
277 1074 670 1138 oadantingratiiaillaneoeaeeeet
800 1074 808 1105 ἶ

100 1140 203 1199 Semina,
214 1155 267 1203 quae
277 1140 365 1188 faciunt
374 1140 502 1202 fulgorem:
519 1146 572 1185 tum
582 1139 633 1187 eine
642 1147 703 1187 tetro

100 1203 199 1251 Terrore
209 1212 232 1251 et
242 1204 321 1251 sonitia
331 1203 409 1266 fulgit,
420 1203 531 1265 nulloque
542 1203 655 1251 tumultu.

132 1268 204 1327 Quod
213 1284 281 1331 nuper
292 1276 334 1328 eat,
345 1267 410 1343 quali
418 1266 501 1314 naturl
511 1266 608 1330 predita
617 1275 722 1315 oonatent

98 1332 217 1391 Fulmina,
228 1332 343 1381 declarant
352 1342 400 1379 retu
410 1331 530 1380 autinuata
540 1330 631 1394 vaporis
720 1332 763 1379 220
801 1380 804 1387 ,

97 1395 177 1458 Signa,
186 1405 300 1460 notoque,
312 1396 400 1459 graveia
409 1395 513 1442 halnntea
522 1394 618 1442 sulfuris
627 1411 705 1444 ouras.

96 1458 162 1521 ignis
179 1460 241 1569 egum
257 1468 311 1507 aunt
328 1459 386 1518 haro,
399 1472 447 1506 non
461 1457 531 1517 venti,
542 1458 618 1522 rigna,
632 1474 710 1524 neque
722 1460 764 1508 im-

205 1537 245 1569 rra.

124 1584 247 1643 -l'raeterea,
256 1602 316 1648 slepe
325 1587 456 1635 adtendunt
462 1601 554 1650 quoque
563 1594 624 1636 teoto
633 1587 762 1649 domorum,

94 1648 129 1697 Et
138 1649 205 1698 oeleri
215 1649 309 1697 flamma
318 1651 467 1698 dominantur
476 1651 501 1698 in
512 1650 600 1699 aditur
610 1651 673 1715 ipaie.

94 1713 167 1762 liunt
176 1714 219 1763 tibi
227 1714 344 1772 subtilem,
356 1729 409 1762 oum
420 1715 501 1777 primia
511 1714 614 1777 iguiboa,
623 1716 704 1779 ignem
716 1719 761 1765 225

93 1778 218 1827 Gonetituit
225 1787 315 1837 notura,
323 1778 420 1827 minutia
429 1779 530 1828 motibua
541 1788 612 1842 atqua

93 1842 247 1908 Corporibua3
265 1843 320 1907 quoi
330 1842 389 1890 nihil
399 1843 493 1890 omnino
503 1843 611 1893 obsistere
677 1844 709 1893 ‘tr

92 1907 187 1956 Transit
198 1908 259 1956 euim
270 1908 371 1956 validum
381 1907 470 1955 fulmen
481 1923 522 1970 per
532 1916 603 1971 sarpta
629 1924 745 1970 omoruru,

92 1972 186 2020 Clamor
196 1973 240 2033 uti,
251 1988 278 2020 ac
288 1988 367 2029 voceer
385 1972 466 2020 transit
475 1988 517 2036 per
526 1987 589 2031 anxa,
601 1987 643 2035 per
654 1990 717 2032 aara3
800 1984 808 1991 ··

90 2036 125 2085 Et
134 2036 249 2101 liquidum
260 2046 345 2100 puncto
355 2036 409 2084 facit
420 2053 450 2084 ωε
460 2037 484 2083 in
496 2044 606 2099 tempore,
618 2045 641 2084 et
652 2053 744 2087 aurum.

90 2100 163 2147 Curat
173 2102 238 2160 item,
249 2102 309 2149 vasis
319 2101 412 2164 integris
422 2101 475 2149 vina
485 2109 577 2162 repente
711 2104 755 2151 231

89 2162 233 2225 Diffirgiant:
253 2166 316 2227 quia,
328 2165 447 2223 nimirum,
457 2164 523 2212 facile
534 2165 613 2212 omnio
623 2164 711 2216 circum

89 2225 211 2285 conlaxat,
223 2243 317 2291 rareque
327 2230 381 2277 facit
391 2229 525 2277 lateramina
535 2228 592 2289 vasi,

87 2289 221 2338 Adveniena
231 2292 292 2339 calor
302 2294 366 2353 ejus;
385 2304 419 2354 ut,
430 2294 558 2341 insinuatur
568 2292 594 2339 in
604 2293 694 2358 iprum,

86 2353 206 2401 Mobiliter
216 2355 305 2402 aolvena
316 2356 392 2405 differt
402 2357 527 2422 primordia
537 2356 602 2404 vini:
708 2361 757 2407 23⁵

85 2417 157 2478 Quod
167 2418 221 2466 tolia
231 2433 301 2482 vapor
312 2428 403 2468 etatem
413 2437 459 2469 non
471 2437 535 2485 posse
543 2420 634 2469 videtur

85 2482 194 2543 Eofloere,
205 2483 346 2546 usqueadeo
356 2485 438 2533 oellens
445 2486 533 2535 fervore
543 2500 649 2535 coruaoo:

85 2547 164 2595 'Panto
173 2547 331 2606 mobiliorem,
343 2556 366 2595 et
375 2547 536 2609 dominantior,
548 2550 597 2598 haec
608 2559 650 2598 eat.

118 2611 197 2672 Nunc,
209 2627 236 2659 ea
245 2627 291 2676 quo
301 2621 368 2675 pacto
378 2612 510 2674 gignantur,
521 2622 544 2661 et
554 2614 631 2678 inpete
641 2623 707 2665 tanto

85 2673 163 2736 Fiant,
170 2685 198 2724 ut
208 2677 295 2739 poaaint
304 2677 350 2724 ictu
361 2676 486 2725 discludere
493 2679 583 2738 turreis,
705 2682 755 2731 240

83 2737 220 2788 Diaurrbare
229 2741 318 2801 domoa,
329 2740 424 2788 avellere
434 2741 497 2804 ligna
508 2744 637 2806 arabasque,

80 2799 114 2847 Et
124 2803 265 2852 monimenta
275 2805 349 2854 virum
360 2805 477 2854 conmoliri
485 2815 555 2869 atque
565 2807 631 2865 ciere,
