1666 3000
224 183 429 233 LUCRETIUS.
442 183 487 233 VI.
502 184 558 239 974.
671 183 717 230 201

54 308 174 374 Denique,
184 311 341 360 amaracinum
351 311 437 376 fugitat
446 329 494 373 sus,
505 321 529 361 et
538 311 604 360 timet
613 326 682 359 omns
708 352 710 356 .

54 374 225 436 Unguentum
242 377 405 440 nsmsetigeris
412 379 484 426 subus
493 390 667 425 eonvenenum
677 384 719 432 est,

55 437 127 496 Quod
137 455 180 488 nos
189 439 305 489 interdum
316 449 435 503 tamquam
444 457 544 490 recreare
553 440 651 489 videtur.
672 440 721 494 976

53 504 91 549 At
101 512 181 552 eontra
190 505 256 553 nobis
263 521 354 554 ooenuin
364 506 479 554 teterrima
488 520 560 570 quoin
571 505 602 552 sit

55 566 190 630 spurcities,
201 570 280 618 eisdem
290 570 371 618 suibus
381 570 430 618 hies
439 570 527 618 munda
537 569 636 628 videtur,

56 631 220 682 Inssn'sbiliter
230 635 285 682 totei
294 643 323 682 ut
329 635 451 683 volvantur
460 634 566 683 ibeidm

88 695 671 762 Hooc’etismsuperesgipsiqusmdioeiedere

56 759 195 824 Adgredmr,
206 763 269 825 quod
278 763 405 810 dicundum
415 764 480 826 prius
490 778 538 810 esse
547 763 645 812 videtur.
671 763 716 812 981

55 824 136 874 Mults
146 826 259 874 foramina
269 842 341 891 quoni
351 827 418 876 seriis
428 828 475 876 sint
484 827 572 874 reddite
581 829 657 887 rebus,

57 889 174 938 Dissimili
183 891 243 939 inter
252 907 276 939 se
284 892 367 939 notura
376 892 473 956 prodito
482 891 566 939 debent

58 953 123 1010 Esse.
136 964 160 1004 et
169 956 253 1004 bsbeie
263 971 329 1004 suam
339 965 446 1004 naturam
455 971 562 1020 quoqne,
573 956 674 1021 viisque.

58 1019 154 1084 Quippe
164 1028 187 1068 et
197 1020 258 1068 enim
269 1020 339 1070 rnriei
348 1036 428 1069 sensus
437 1020 593 1068 animantibus
603 1021 692 1079 insunt,

58 1083 167 1142 Quorum
178 1084 276 1148 quisque
285 1100 352 1133 suom
362 1085 454 1149 proprie
461 1100 510 1132 rein
520 1085 617 1148 percipit
626 1085 652 1132 in
662 1100 693 1133 se.

57 1147 122 1196 Nom
132 1158 251 1212 penetrare
260 1150 305 1198 olio
315 1149 411 1209 sonitus,
422 1149 513 1212 ilioque
522 1163 626 1212 soporem
674 1149 721 1197 997

58 1211 181 1262 Cernimus
191 1230 204 1262 e
214 1213 282 1272 sucis,
294 1213 339 1262 olio
349 1213 435 1261 nidoris
444 1213 531 1261 odores·

59 1276 181 1339 Praetura,
191 1292 285 1326 manere
295 1277 359 1325 aliud
420 1293 476 1326 saxo
483 1277 581 1338 videtur,

58 1340 303 1406 Atquesliudlignist
321 1342 368 1389 aliu
394 1341 650 1405 transirspereurum
673 1345 722 1392 999

59 1406 208 1471 Argentoque
217 1407 278 1455 forss
287 1406 359 1466 eliud,
370 1408 483 1472 vitroque,
494 1421 587 1466 mearet

10 1468 12 1487 ²
58 1471 133 1525 (Nem
144 1471 215 1519 fluere
224 1470 268 1519 hso
278 1471 371 1536 species,
382 1473 435 1520 illae
445 1472 557 1532 colorus,
569 1471 669 1532 videtm)

59 1535 80 1583 A
106 1552 138 1585 ue
144 1535 196 1583 aliis
206 1536 270 1583 aliud
279 1536 346 1584 citius
357 1537 510 1586 transmittere
520 1537 608 1585 eidem.

86 1601 91 1612 '
104 1601 147 1649 'oet
156 1600 182 1647 id
191 1600 241 1648 fieri
250 1600 311 1664 cogit
321 1609 403 1650 natura
410 1603 507 1656 viarum,

59 1662 207 1713 Multimodis
215 1666 314 1725 venans,
325 1675 352 1714 ut
361 1666 441 1729 paullo
451 1664 608 1712 obstendimus
618 1671 680 1722 unte,

59 1727 155 1794 Propter
165 1728 299 1777 dissimilem
309 1738 426 1788 numam,
437 1737 477 1776 tex
517 1743 555 1786 ue,
566 1743 651 1776 rerum.
675 1729 723 1776 996

88 1795 245 1857 Quapropter,
260 1795 319 1842 bene
331 1793 373 1840 ubi
386 1793 445 1852 heo,
460 1807 487 1840 oo
570 1800 595 1841 ta
607 1801 678 1856 etque
688 1792 722 1839 lo-

154 1868 212 1918 999,

59 1921 146 1972 Omnia
156 1921 305 1980 constiterint,
313 1921 379 1969 nobis
388 1928 511 1985 praeposta,
576 1928 618 1978 ts3

59 1984 521 2050 Quodsuperesuiosilehincrotiored
536 1985 716 2046 etur‚etomnit

59 2052 146 2101 Caussa
154 2051 254 2114 patefiet,
263 2066 316 2114 quae
325 2049 380 2098 seiri
390 2050 498 2125 pulioest
507 2049 563 2098 vim.
662 2051 724 2098 1999

90 2115 217 2228 Ριίιιῗέἷὶο,
233 2115 305 2164 fluere
321 2130 335 2164 e
351 2114 427 2179 lapids
445 2115 490 2164 hoo
504 2115 621 2180 permulti
634 2130 725 2166 neeesse

59 2244 163 2303 Semina,
174 2243 223 2292 sive
229 2251 321 2303 utum,
332 2243 374 2307 qui
383 2242 478 2292 disortit
486 2245 541 2292 siis
550 2245 633 2309 plagis,

58 2309 124 2359 Inter
130 2309 177 2373 qui
183 2307 285 2372 lapidem
295 2308 429 2372 ferrumque
439 2317 473 2356 est
482 2324 601 2372 quomque
609 2309 705 2357 loeutus.

58 2372 113 2424 Hoc
122 2374 165 2422 ubi
174 2371 276 2420 'uisnitur
283 2372 394 2436 sptium,
405 2373 538 2434 multusque
549 2371 629 2420 vnoefit

58 2435 265 2493 Inmodiolocus;
282 2435 607 2500 exteinploprimoitlioferri
664 2437 725 2484 1995

58 2500 89 2552 lii
100 2517 188 2552 vanum
198 2501 303 2565 prolibus
313 2501 399 2549 minut
407 2501 537 2560 wnjunoto,
546 2500 573 2547 fit
583 2508 655 2560 utque

57 2567 174 2616 Annulus
183 2565 193 2613 i
243 2573 360 2639 sequetur,
370 2573 452 2627 estque
461 2564 494 2612 ito
503 2578 596 2628 oorpote
605 2573 661 2613 toto.

58 2631 85 2681 N
87 2647 114 2682 ec
122 2647 159 2680 res
168 2580 308 2693 ulppemm
318 2628 456 2692 primoribus
465 2643 496 2676 ex
506 2629 624 2678 elementis

60 2691 560 2762 indupeditsmmiiteionnmoehne,
