1666 3000
87 163 131 209 154
256 160 461 210 LUCRE'PIUS.
479 160 509 207 V.
526 162 584 216 7³8.

80 287 149 336 Flore
159 289 244 353 quibus
254 299 327 338 meter
337 304 491 354 praespsrgens
499 298 552 337 ente
563 288 609 337 οἰοῖ
700 290 703 307 ⁴

82 351 174 401 Cuncta
184 354 297 403 coloribus
306 356 411 419 egregiis,
426 364 449 403 et
458 354 575 413 odoribus,
586 352 678 416 obpletr

82 414 663 483 Indelotiseqniturcslorsriduseteomesunl
701 426 703 436 ¹

82 480 244 531 Pulveruleute
253 484 331 543 Ceres,
341 492 365 532 et
375 484 454 533 Etesiis
464 483 537 531 lisbrs
546 481 701 545 Aquilonum.

82 544 142 593 Inde
150 547 299 596 Auetrrmnus
309 547 367 609 edit,
379 548 483 611 geudimr
492 547 564 595 simul
574 545 652 595 Euius
660 544 703 595 ,liu

81 606 142 657 Inde
152 611 204 659 sliu
212 611 380 675 usurpemus,
392 612 530 674 Ventu'qus,
541 618 687 674 sequunture

82 674 217 725 Altitonens
227 675 364 736 Volturnus,
376 685 400 725 et
408 677 496 724 Auster
505 674 605 723 eulmine
614 674 703 738 politos

85 737 193 789 Tandem
201 741 293 789 Brome
302 740 373 789 niveis
387 740 469 799 edint,
480 739 621 803 pigrumque
630 738 703 802 rigore

83 802 188 865 Reddite
199 804 291 869 Hyems
296 805 408 870 sequitur,
416 802 703 868 erepitsnseedentibusA

83 866 140 926 Quo
150 869 227 918 minus
236 879 271 919 est
280 869 376 930 mirum,
387 869 407 918 si
417 878 477 918 eerto
487 880 590 932 tempore
599 868 659 915 lune

84 930 203 995 Gignimr,
215 942 238 982 et
247 933 403 983 eertodeletur
413 942 515 996 ternpore
525 946 622 989 nrrmsz

83 995 163 1055 Quom
173 997 223 1045 lieri
232 998 320 1062 possint
329 1007 378 1047 tem
388 1006 449 1047 serto
458 1007 562 1060 tenpore
571 996 657 1044 mults.

115 1060 174 1109 Solis
184 1061 240 1109 item
247 1078 341 1126 quoque
350 1061 460 1120 defectus,
470 1060 579 1125 luneque
587 1060 699 1120 latebras,

83 1124 193 1174 Pluribus
202 1127 310 1175 eoeussis
319 1126 369 1174 fleri
379 1127 422 1175 tibi
431 1140 496 1190 posse
506 1123 638 1190 putendum
648 1133 691 1173 eet.

83 1187 157 1249 Nem,
168 1205 229 1254 quur
238 1191 296 1239 lune
322 1202 375 1239 neet
384 1200 469 1238 terrem
478 1188 601 1247 nunnae,
612 1188 697 1253 postis,

83 1251 192 1310 humine,
204 1263 228 1303 et
238 1270 253 1302 a
337 1256 412 1303 ultum
421 1262 492 1317 esput
500 1255 618 1303 obmuere
624 1253 656 1313 ei,

83 1314 201 1376 Objieiens
211 1334 296 1367 esserrm
307 1319 376 1367 radiis
386 1319 518 1367 ardentibus
527 1319 624 1375 orbemz
656 1361 659 1367 .

84 1378 200 1443 Tempore
209 1382 289 1430 eodem
297 1383 440 1431 eliudfseere
447 1382 472 1430 id
477 1396 524 1431 non
531 1396 598 1446 posse
604 1390 703 1445 putem

86 1442 185 1507 Corpus,
196 1445 259 1508 quod
269 1461 359 1495 esuum
365 1448 457 1495 labetur
466 1446 556 1494 lumine
561 1450 673 1520 semper?

115 1508 201 1572 Solque
211 1524 264 1557 suos
273 1510 343 1558 etiem
353 1510 469 1559 dimittere
478 1510 605 1574 linguitur
658 1510 693 1559 eis

84 1571 201 1636 Tempore
210 1589 272 1637 quur
280 1582 342 1623 eerto
352 1584 459 1639 nequest,
470 1590 616 1638 recreareque

85 1636 167 1697 Quom
176 1638 227 1687 loos
236 1638 353 1702 preteriit
364 1639 465 1688 flammis
475 1639 566 1699 infeste,
577 1654 619 1702 per
630 1654 700 1689 sures

85 1702 147 1762 Quae
157 1701 245 1753 sedunt
254 1704 327 1768 igneis
336 1704 490 1768 interstingui,
501 1711 571 1779 etque
581 1703 668 1766 periri?

114 1766 156 1825 Et,
168 1784 230 1833 quur
239 1777 299 1819 terre
306 1778 376 1834 queet
385 1768 466 1817 lunum
476 1768 573 1832 spolrsre
582 1767 684 1816 vicissim

84 1831 195 1895 Lumine,
206 1843 230 1882 et
238 1836 373 1899 obpressum
380 1833 460 1893 solem,
471 1848 539 1895 super
548 1832 608 1896 ipse,
620 1840 703 1895 tenere

83 1893 207 1946 Menstrua
213 1896 274 1947 dum
284 1899 368 1963 rigidus
378 1898 429 1946 ooni
439 1896 566 1961 perlabitur
572 1897 684 1954 umbrest

84 1959 201 2025 Tempore
210 1963 291 2011 eodem
301 1963 365 2011 eliud
375 1969 474 2026 nequest
482 1963 616 2010 subeurrere
626 1960 692 2010 lunss

86 2023 184 2086 Corpus,
195 2027 232 2074 vel
242 2042 324 2090 supere
334 2028 388 2076 solis
398 2025 509 2090 perlabier
519 2027 608 2083 orbem,

86 2086 158 2146 Quod
164 2088 238 2137 rsdios
248 2090 408 2155 interrumpet,
415 2091 541 2153 lumenque
551 2089 696 2152 profusum?

116 2149 150 2197 Et
160 2160 246 2213 temen,
257 2154 307 2217 ipse
317 2156 386 2204 suosi
396 2155 469 2220 fulget
479 2154 536 2201 lune
543 2154 626 2212 nitore,

85 2214 155 2275 Quur
165 2227 264 2280 nequest
273 2220 335 2267 certi
344 2219 427 2268 mundi
436 2220 582 2281 languescere
591 2227 666 2281 perte,

85 2279 151 2327 Dum
162 2281 219 2342 loeo,
228 2283 356 2330 luminibus
366 2283 463 2346 propriis
473 2282 576 2342 inimico,
587 2283 703 2346 perexit?

115 2345 187 2405 Quod
197 2361 224 2394 su
275 2357 316 2407 est,
326 2347 444 2411 quonium,
452 2348 531 2410 magni
541 2362 583 2410 per
593 2349 703 2396 csenrlsu

44 2492 49 2502 ·
85 2472 142 2533 Quis
152 2475 201 2523 fieri
211 2475 324 2540 quidquid
335 2483 411 2540 posset
420 2475 517 2536 ratione,
528 2476 628 2534 resolvi3

86 2538 146 2586 Solis
156 2541 203 2588 utei
214 2541 287 2589 varios
297 2557 385 2602 eumue,
396 2539 505 2604 lunssque
512 2549 609 2596 meatus,

87 2600 186 2652 Noseese
193 2621 318 2668 possemus,
330 2621 382 2669 quae
393 2604 435 2662 vis,
444 2614 467 2652 et
478 2621 564 2666 mussa,
576 2605 661 2656 cierete

88 2664 172 2723 Quove
184 2669 253 2716 modo
263 2670 349 2719 soleent
359 2668 448 2718 obiecto
458 2669 547 2718 lumine
556 2669 629 2730 obire,
