1666 3000
10 1596 24 2125 1

17 2138 31 2659 1

235 176 439 226 LUCRETIUS.
451 176 499 226 Vl.
517 178 574 224 686.
694 177 739 224 103

67 305 159 354 Ventus
170 305 232 355 enim
243 307 276 362 fit.
287 307 328 355 ubi
339 316 373 355 cst
383 306 492 370 agitando
501 305 600 370 percitus
611 304 657 352 adr.
689 306 737 352 080

67 369 135 418 Hioc‘
148 371 190 419 ubi
200 371 319 435 percaluit,
329 371 476 433 calefecitque
485 371 564 418 omnia
574 369 660 417 circum

67 436 130 483 Saxa
138 434 227 491 furens,
238 436 285 498 quit
295 435 415 498 contingit,
427 446 557 498 terrenique
566 451 574 491 ς
592 442 615 481 et
625 435 655 481 ab
666 434 717 480 ollis

67 498 178 547 Excussit
188 499 288 548 calidum
300 500 400 547 flammis
410 500 526 547 velocibus
536 500 614 562 ignem
624 514 632 554 ς

68 562 143 611 'l’ollit
154 580 186 623 se,
198 579 224 610 sc
232 565 298 612 rectis
307 564 340 611 ita
350 563 455 611 fsucibus
466 564 517 612 eicit
527 564 581 621 alte,
689 563 737 610 000

68 626 193 692 Vortitque
204 627 307 675 ardorem
317 626 394 691 longe,
407 629 463 690 long
492 645 522 676 ue
533 627 636 674 favillam

67 690 161 751 Differt,
173 701 196 739 et
206 692 281 740 crassis
291 692 362 739 volvit
373 691 469 755 caligine
506 707 573 738 mum
582 708 591 748 ς

66 753 225 819 Extruditque
235 756 305 803 simul
315 756 420 804 mirando
430 757 530 819 pondere
540 772 603 803 saxa.

67 819 106 866 Ne
117 819 217 878 dubites,
232 820 288 883 quin
299 820 348 868 haec
358 821 446 868 animai
456 821 548 868 turbida
559 821 588 867 sit
598 820 640 868 vis.

99 884 222 941 Praeterea,
233 885 320 946 magni
330 894 432 948 exparte
442 900 506 932 mare
516 885 601 932 montis
612 885 641 932 ad
650 886 700 947 ejus

66 947 165 996 Radices
175 948 261 1011 frangit
271 948 362 1007 fluctus,
374 958 503 1012 aestumque
513 949 612 996 resolvit.
687 950 735 998 000

66 1012 105 1060 Ex
115 1011 160 1060 hoc
170 1028 243 1075 usque
254 1027 317 1060 mare
325 1014 440 1075 speluncae
450 1014 535 1060 montis
544 1013 574 1060 ad
583 1013 640 1060 altas

66 1075 207 1124 Perveniuut
217 1078 295 1124 subter
305 1077 380 1124 fauces
390 1095 396 1124 :
414 1077 457 1124 hac
467 1077 509 1135 ire,
520 1077 639 1124 fatendum
650 1086 692 1137 est,

65 1141 97 1189 Et
107 1150 234 1204 penetrare,
241 1141 308 1201 mari,
317 1141 408 1205 penitus
419 1157 454 1188 res
465 1141 533 1203 cogit,
545 1149 632 1204 aperto,

64 1205 146 1269 Atque
157 1204 236 1252 ecflare
244 1204 320 1263 foras3
336 1206 434 1268 ideoque
444 1205 552 1252 extollere
563 1205 677 1266 flammas,
687 1206 736 1261 700

64 1270 173 1333 Saxaque
183 1270 317 1330 subjectare,
333 1279 356 1317 et
366 1284 439 1316 arenae
451 1269 528 1316 tollere
539 1269 637 1316 nimbos.

64 1335 94 1382 In
106 1348 200 1381 summo
210 1342 265 1380 sunt
276 1334 357 1381 vertice
368 1333 429 1380 enim
441 1341 545 1390 crateres,
557 1342 583 1380 ut
593 1333 650 1397 ipsei

64 1398 229 1453 Nominitunt3
247 1411 288 1444 nos
300 1398 362 1462 quod
372 1398 448 1445 fauces
458 1397 614 1460 perhibemus,
626 1408 649 1446 et
659 1414 705 1446 ora.

63 1463 123 1510 Sunt
129 1462 218 1525 aliquot
225 1477 316 1525 quoque
322 1477 465 1526 res,quurum
474 1477 545 1510 unam
552 1462 625 1510 dicere
632 1478 734 1511 caussam

64 1527 119 1574 Non
131 1526 185 1574 sutis
195 1534 237 1583 est,
249 1541 330 1573 verum
340 1527 441 1590 plureis;
460 1527 521 1574 unde
528 1542 576 1574 una
587 1536 662 1574 tamen
673 1529 710 1574 sit.

65 1591 155 1655 Corpus
166 1598 193 1637 ut
203 1590 337 1637 exanimum
348 1591 368 1637 si
379 1590 442 1653 quod
452 1592 532 1653 procul
542 1591 592 1653 ipse
600 1592 676 1650 jacere
687 1592 735 1645 706

66 1654 200 1718 Conspicius
209 1654 318 1712 hominis,
329 1655 356 1702 fit
367 1663 393 1701 ut
404 1654 492 1701 omneis
503 1654 577 1700 dicere
588 1668 679 1701 caussas

65 1718 193 1768 Conveniat
201 1718 250 1777 leti,
262 1719 350 1766 dicatur
360 1726 387 1765 ut
396 1718 459 1764 illius
471 1732 524 1763 uns.

66 1784 129 1832 Nam
140 1798 216 1846 neque
226 1798 280 1830 eum
291 1784 359 1839 ferro,
368 1796 410 1829 nec
417 1781 509 1842 frigore,
521 1781 611 1828 vincere
620 1783 693 1844 possis

67 1847 192 1907 laternae,
203 1862 278 1921 neque
289 1848 398 1905 amomo,
410 1859 485 1908 neque
495 1844 553 1892 forte
564 1859 670 1903 veneno;
687 1847 735 1900 710

66 1912 155 1962 Verum
171 1911 269 1976 aliqum,
284 1926 366 1974 genere
382 1925 430 1958 csse
446 1925 475 1956 ex
491 1907 543 1967 hoc,
561 1908 623 1972 quod
634 1911 736 1957 conscius

66 2041 170 2091 Scimuu
188 2040 243 2088 item
252 2040 277 2088 in
290 2039 370 2088 multis
380 2039 423 2086 hoc
433 2041 502 2087 rebus
508 2038 583 2087 dicere
592 2038 713 2087 habemus.

97 2106 168 2154 Nilus
176 2105 201 2151 in
213 2112 314 2152 estatem
325 2105 412 2163 crescit,
423 2103 556 2167 campisque
565 2103 686 2163 redundat,

68 2169 157 2219 Unicus
167 2169 192 2215 in
203 2169 276 2228 terris,
286 2168 385 2232 AEgypti
396 2168 466 2216 totius
476 2169 566 2217 amnis:

66 2237 90 2284 Is
99 2235 160 2298 rigat
171 2233 305 2296 AEgyptum
314 2233 418 2280 medium
426 2248 468 2296 per
478 2249 538 2296 saepe
549 2233 647 2282 calorem
656 2248 665 2293 ς
684 2232 732 2288 715

66 2301 125 2359 Aut,
136 2298 193 2362 quia
203 2307 257 2345 sunt
267 2304 345 2345 astate
355 2296 485 2360 Aquilones
495 2298 553 2344 ostia
562 2308 650 2356 corruo,

67 2363 133 2412 Anni
144 2372 247 2425 tempore
258 2377 291 2417 eo,
320 2361 345 2408 ui
355 2361 440 2409 Etssiae
451 2377 499 2408 esse
507 2364 626 2418 feruntur;

67 2427 105 2488 lit,
117 2435 196 2475 contre
202 2378 400 2484 fluuumianoer,
411 2434 569 2480 remorantur3
588 2433 619 2483 et,
630 2424 705 2471 undas

66 2493 178 2557 (legentes
188 2506 274 2549 sursus,
285 2492 383 2554 replent,
395 2498 526 2552 coguntque
535 2502 636 2536 manere.

67 2557 137 2614 Nam,
150 2554 221 2602 dubio
231 2555 319 2619 procul,
330 2553 380 2602 haec
390 2554 485 2601 advorso
496 2553 568 2599 flabra
578 2551 684 2599 feruntur

66 2621 183 2680 Flumine,
195 2635 247 2694 quae
258 2619 339 2682 gelidis
350 2620 380 2666 ab
390 2617 463 2665 stellis
474 2617 524 2664 axis
535 2625 651 2679 aguntur:
690 2617 736 2671 721

67 2685 108 2737 lue
119 2700 148 2734 en
160 2683 257 2734 camere
268 2692 332 2747 parte
342 2681 405 2730 venit
415 2680 499 2740 amnis,
511 2683 541 2729 ab
553 2682 642 2730 Austro

566 2761 580 2792 s
