1666 3000
231 192 430 246 nucumve
449 193 495 244 vl.
512 188 568 253 iso.
694 195 740 242 195

70 320 207 382 Intulerint,
219 324 318 386 gravina
330 325 364 373 vis
375 334 441 389 cogat
451 323 568 374 concidere
577 323 636 388 ipsa,

70 385 185 435 Manibus
195 395 223 434 ut
233 388 254 435 si
263 389 310 437 sint
319 389 388 437 Divis
398 399 506 449 mactata,
515 397 617 453 repente.
697 388 746 443 760

99 450 189 498 Omnia
199 468 252 515 quae
262 454 363 501 naturali
373 454 461 502 ratione
471 463 599 517 geruntur3

67 513 109 574 Et,
121 516 207 578 quibus
218 531 231 564 e
240 517 299 565 fiant
308 518 401 577 muscis,
413 518 508 581 adparet
518 519 597 582 origor

67 579 148 626 Janua
158 594 188 628 ne
195 581 269 644 posita
279 581 324 629 hiis
332 582 389 630 Orci
399 583 530 645 regionibus
541 598 588 631 esse

66 642 196 702 Credatur3
213 655 265 707 post
275 646 330 694 hinc
339 647 428 694 animas
438 647 578 695 Achenmtis
588 646 614 694 in
624 662 676 695 oras

65 705 159 756 Ducere
168 708 228 757 forte
239 709 303 759 Deos
310 710 402 758 Maneis
412 711 501 759 inferne
512 727 619 760 reamurr
693 711 742 765 765

67 771 172 820 Naribus
180 773 280 836 alipedes
290 786 317 822 ut
328 775 400 823 cervei
411 792 471 839 saepe
481 783 594 838 putantur

65 833 158 885 Ducere
168 837 197 885 de
206 838 299 887 latebris
310 839 423 902 serpentia
433 841 492 887 secla
502 839 611 888 ferarum.

66 899 138 959 Quod
145 903 227 964 procul
237 919 252 950 a
262 903 316 951 veri
327 905 439 966 quamsit
449 905 537 952 ratione
544 904 673 968 repulsum,

66 963 178 1040 Perciper
196 982 298 1031 namque
308 968 360 1031 ipsi
370 967 399 1015 dc
409 984 434 1016 re
444 969 486 1016 tibi
497 968 571 1016 dicere
582 984 659 1016 conor.

97 1029 224 1093 Prmcipio‚
236 1032 279 1080 hoc
289 1032 349 1090 dico,
361 1032 425 1095 quod
439 1032 489 1080 dixi
500 1049 559 1096 saepe
570 1049 664 1097 quoque
674 1040 739 1090 onie,

10 1146 12 1159 Ι
67 1092 645 1160 Interrnquoiusquemodirerumesseflgurao:
690 1097 737 1152 771

10 1164 12 1179 ¹
66 1157 148 1206 Multa
157 1159 208 1208 cibo
218 1176 271 1225 que
281 1170 336 1209 sunt
346 1160 441 1217 ritalisr
457 1161 681 1273 mmwrms

67 1221 174 1271 Innrtere
185 1232 207 1272 et
217 1233 316 1273 mortem
343 1241 380 1273 use
389 1225 477 1288 possint
487 1224 518 1272 od
622 1242 629 1273 r

65 1286 100 1334 Et
109 1288 185 1352 magis
196 1303 244 1337 essc
253 1289 304 1337 aliis
339 1290 344 1301 '
382 1289 541 1338 animantibus
551 1297 617 1354 aptas

67 1350 116 1400 Res
126 1352 158 1400 od
168 1352 226 1417 vitei
236 1353 358 1414 rationem,
370 1353 528 1403 obstendimus
539 1363 602 1416 ante,
694 1354 742 1410 775

66 1416 167 1480 Propter
176 1415 314 1466 dissimilem
324 1427 441 1479 naturam,
454 1418 630 1485 dissimilemque

67 1479 185 1529 'l'exturss
194 1481 254 1543 inter
265 1498 322 1543 sese,
332 1483 465 1549 primasque
475 1484 577 1548 figurans

66 1544 146 1593 Multa
155 1560 181 1593 m
197 1598 199 1603 ,
224 1555 235 1594 t
244 1545 338 1595 inimica
348 1563 389 1611 per
399 1548 482 1608 aureis,
494 1549 570 1596 multa
580 1563 621 1611 per
630 1547 691 1610 ipsas

67 1608 197 1658 umorue
257 1611 262 1622 '
277 1645 284 1670 ‚
296 1612 388 1671 infesto,
399 1620 469 1675 atque
480 1627 559 1674 aspera
567 1619 629 1658 tactu
640 1627 647 1656 r

66 1673 118 1722 Nec
128 1683 183 1721 nint
243 1684 268 1724 tc
277 1692 362 1740 parum
372 1684 435 1723 tuctu
446 1675 548 1734 vitanda,
559 1683 723 1738 nequeuntem

66 1737 188 1801 Adspectu
242 1739 321 1799 unde,
337 1754 463 1802 saporeque
473 1738 547 1785 tristia
557 1754 610 1801 quse
620 1737 673 1785 sint.
690 1737 736 1792 731

96 1801 199 1862 Deinde,
233 1803 286 1852 dere
296 1803 357 1864 licet,
369 1818 441 1866 quam
451 1802 532 1849 multae
542 1802 589 1850 sint
597 1802 687 1850 homini
697 1818 735 1849 ree

66 1867 159 1915 Acriter
168 1867 177 1913 i
262 1883 340 1928 seusu,
352 1882 493 1930 spurcaequc,
505 1882 637 1930 gravesque.

66 1931 152 1980 Arbori
222 1931 309 1980 nimum
320 1931 386 1980 certis
396 1930 475 1994 gravis
483 1932 568 1978 umbra
578 1931 683 1988 tributa3

66 1994 117 2060 Usq
227 1997 307 2060 capitis
317 1996 401 2044 faciant
410 2005 436 2043 ut
447 2011 506 2059 saepe
516 1995 614 2054 dolores,
691 1996 740 2050 785

68 2059 93 2108 si
103 2060 156 2124 quis
166 2076 205 2109 eas
215 2063 293 2109 subter
301 2061 383 2123 jacuit,
394 2069 528 2124 prostratus,
539 2061 564 2108 in
574 2060 658 2110 herbis.

98 2125 144 2172 Est
154 2125 224 2173 etiam
234 2125 325 2189 mugnis
336 2125 455 2173 Heliconis
462 2125 580 2174 montibus
590 2127 667 2186 arbos,

68 2189 144 2237 l'loris
154 2190 223 2238 odore
234 2191 353 2238 hominem
364 2198 421 2238 tetro
431 2199 539 2238 consuens
549 2205 637 2240 necare.

70 2253 160 2302 Scilicet
170 2254 219 2302 haec
229 2254 281 2303 ideo
291 2255 356 2303 terris
367 2271 396 2303 ex
406 2254 484 2303 omnia
494 2265 600 2318 surgrmt,

70 2316 150 2366 Multa
159 2319 234 2367 modis
244 2320 325 2367 multis
335 2320 462 2367 multarum
471 2320 559 2367 semina
569 2333 647 2366 rerum
689 2319 738 2374 790

70 2382 142 2443 Quod
152 2384 268 2447 permixta
277 2385 336 2447 gerit
346 2385 422 2443 tellus,
434 2384 576 2446 disuetmue
586 2381 663 2429 tradit.
738 2400 741 2405 ·

100 2447 296 2512 Nocturnumque
322 2464 400 2498 recens
426 2449 565 2496 exstinctum
590 2445 681 2506 lumen,
698 2447 740 2493 ubi

166 2528 224 2560 sons

72 2574 147 2624 Nidor
157 2577 278 2626 subfundit
288 2578 371 2636 nereis,
382 2586 433 2625 tum
443 2575 504 2638 cogit
514 2573 613 2623 ibeidern

72 2639 194 2692 Concidere
202 2658 211 2701 ς
227 2650 255 2690 ut
266 2656 350 2706 pronos
360 2640 402 2705 qui
411 2642 506 2689 morbus
516 2639 607 2688 mittere
616 2640 698 2689 sorevit.
