1666 3000
237 190 441 241 nucuu'rwu
458 191 505 242 Vl·
520 194 576 242 392.
707 197 752 243 185

31 327 44 377 ς,
97 316 178 371 fedore
186 322 284 387 perfluo,
293 322 406 370 documen
414 322 549 370 mortalibus
559 325 629 370 uere?
704 327 752 373 392

95 380 120 432 br
128 387 212 449 potius,
223 386 290 433 nulli
300 387 343 434 sibi
351 386 414 449 turpi
422 386 524 435 oonsoius
531 387 555 434 in
566 402 598 446 re,

94 445 192 499 Volvitur
200 450 225 498 in
237 451 338 498 flammis
347 451 464 512 innoxius,
475 450 546 515 inque
556 451 655 515 peditur,

31 521 38 557 1
91 511 187 564 Turbine
197 515 282 563 ooelesti
292 516 368 562 subito
378 525 507 579 oonreptus,
518 525 541 564 et
551 516 621 579 igni?
702 518 751 565 395

114 580 183 643 Quur
193 579 263 627 etiem
274 580 324 627 lom
331 579 381 626 sole
390 589 480 642 petunt,
488 580 619 643 frustraque
626 581 750 630 laborant?

86 641 122 691 An
132 654 184 693 tum
195 643 290 692 brechio
300 654 458 703 oonsuescuut,
469 644 609 708 firmentque
618 644 730 693 insertos?

84 707 110 755 In
121 710 227 773 turrique
238 709 315 756 Putris
324 724 387 771 quur
397 709 470 756 telum
480 710 641 772 perpetiuntur

83 771 207 822 Obtundi?
224 789 287 836 quur
296 773 345 836 ipse
355 773 419 831 sinit,
427 788 502 836 noque
512 774 585 836 puroit
595 773 620 820 in
631 774 734 822 besteis?

110 837 229 914 Denique,
238 853 301 900 quur
308 852 438 900 numquam
448 838 505 885 ooelo
513 839 569 898 jueit
579 837 682 902 undique
692 854 751 902 puro

80 901 173 967 Jupiter
180 918 206 950 rn
216 911 288 949 terras
298 901 398 957 firlmen,
409 902 542 965 sonitusque
549 902 686 965 profundit?
702 905 747 949 401

80 966 128 1027 An,
140 967 212 1015 simul
222 981 250 1014 ec
259 968 333 1014 nubes
343 967 479 1021 suboossere,
488 967 552 1029 ipsus
559 967 583 1013 in
595 975 676 1014 oesmm

79 1029 213 1089 Dmtendit,
223 1045 296 1094 prope
305 1039 333 1078 ut
343 1030 397 1078 hinc
408 1031 448 1078 teli
459 1031 595 1078 determinet
604 1031 664 1079 istus
673 1034 684 1078 ?

79 1094 108 1142 In
118 1111 184 1144 more
194 1096 243 1159 qui
252 1109 321 1158 porro
330 1095 402 1141 mittit
413 1095 520 1143 ratione?
536 1095 601 1154 Quid
612 1095 686 1142 nudos

148 1160 154 1172 ‘
187 1169 211 1207 et
221 1158 335 1222 liquidum
346 1160 440 1218 molem,
452 1174 590 1222 eomposque
600 1159 732 1206 nstsnteisi

245 1223 265 1272 si
275 1223 323 1271 volt
333 1239 453 1271 eoveamus
464 1223 568 1270 fulminis
578 1224 659 1281 ictum,
701 1227 748 1270 4116

77 1289 148 1349 Qnur
155 1289 248 1336 dubitet
257 1287 341 1346 fauere,
352 1297 379 1335 ut
390 1289 504 1351 possimus
514 1303 604 1335 oernere
614 1288 731 1336 missum?

78 1354 103 1401 Si
112 1369 157 1402 nee
166 1352 296 1416 opinenteis
306 1360 385 1399 eutem
395 1353 444 1400 volt
454 1353 583 1416 obprimere
593 1353 651 1417 igni,

77 1418 148 1477 Quur
156 1426 222 1465 tonet
232 1432 262 1464 ex
271 1416 314 1463 illi
323 1425 396 1479 porte,
408 1425 436 1463 ut
445 1417 516 1465 vitare
526 1421 657 1481 queamus?

77 1482 149 1542 Qnur
159 1483 265 1530 tenebras
278 1488 340 1541 onte,
352 1489 374 1529 et
385 1481 500 1544 fremitus,
513 1491 536 1530 et
550 1498 679 1541 murmure,
695 1497 748 1528 con-

176 1546 227 1594 eit?
700 1548 748 1591 4111

109 1612 145 1660 Et
154 1610 227 1658 simul
236 1611 260 1657 iu
272 1610 359 1658 multus
368 1610 452 1672 parteis
463 1610 504 1672 qui
515 1610 604 1657 credere
612 1609 684 1671 possis

80 1676 196 1724 Mittere?
211 1677 254 1723 An
264 1674 328 1722 hooe’
340 1675 400 1722 ausis
411 1689 541 1736 numquam
556 1673 691 1721 contendere
702 1673 749 1720 fuo-

79 1806 113 1854 bt
122 1804 205 1853 fierem
214 1804 273 1853 totus
283 1817 330 1851 uno
340 1804 384 1850 sub
391 1811 494 1866 tempore
503 1800 580 1863 plures
589 1803 601 1848 f

77 1870 113 1918 Ar
123 1884 185 1932 erepe
195 1877 229 1917 eet
238 1882 336 1915 numero
345 1867 442 1923 fuctum,
454 1865 547 1928 fierique
558 1880 647 1913 neeesse
656 1874 699 1921 est,

79 1934 112 1982 Ut
122 1933 204 1998 pluere
213 1934 239 1980 in
249 1932 329 1980 multis
339 1931 479 1993 regionibus,
492 1940 515 1977 et
525 1929 604 1977 erdere
614 1929 716 1989 imbreis,

33 2008 35 2033 ⁵
79 1998 191 2045 Fulmina
198 1998 231 2046 sio
239 2011 286 2045 uno
295 1996 345 2043 fieri
355 1997 399 2043 sub
409 2003 512 2058 tempore
521 1995 603 2042 mrdtu
700 1997 748 2042 416

110 2063 239 2121 Postremo,
250 2076 312 2124 quur
322 2068 400 2107 sonem
410 2060 487 2106 Deum
496 2059 599 2119 delubra,
611 2075 709 2125 suosque

80 2125 182 2175 mestit
190 2126 274 2174 infesto
284 2125 403 2188 preclaras
413 2124 512 2171 fulrnine
522 2123 585 2172 sedes
594 2140 602 2181 ς

81 2190 112 2239 Et
121 2192 181 2239 bene
190 2190 252 2239 feou
262 2189 340 2237 Deum
349 2188 434 2250 frangit
444 2188 574 2247 simulacre,
586 2191 678 2255 tuisque

80 2254 160 2303 Dernit
169 2254 310 2319 irnnginrbus
321 2252 420 2300 violento
429 2253 521 2300 volnere
531 2254 658 2302 honorem?
702 2256 749 2299 420

81 2320 184 2384 Altaque
200 2336 262 2385 quur
275 2318 413 2383 plerumque
428 2318 487 2381 petit
502 2319 569 2374 loos3
586 2318 687 2381 plurimu
703 2332 750 2378 quo

82 2400 203 2497 Monimo
212 2447 237 2494 in
249 2447 346 2495 mummia
356 2446 452 2509 vestigia
461 2445 575 2493 oernimus
584 2444 661 2506 ignis?

110 2512 184 2575 Quod
194 2526 263 2575 super
274 2520 316 2570 eet,
324 2510 387 2557 fucul
397 2520 431 2557 est
439 2525 468 2556 ex
477 2508 522 2555 hiis
532 2522 665 2569 cognoscere
674 2509 750 2565 rebus,

33 2613 35 2639 e
84 2585 217 2642 nprrmpas
227 2575 308 2624 Grniei
319 2590 377 2649 quos
387 2577 417 2622 ab
427 2589 452 2621 re
462 2572 637 2631 nominiterunt,

33 2668 39 2703 3
85 2640 114 2689 ln
123 2656 189 2690 mure
198 2640 248 2705 qui
257 2640 335 2688 misser
343 2639 436 2686 verriont
446 2637 534 2685 ratione
544 2651 649 2700 superne.
703 2638 751 2685 425

87 2704 148 2756 Nem
157 2706 195 2768 dt,
203 2715 231 2757 ut
240 2703 366 2764 interdum,
378 2712 499 2767 tamquam
505 2700 739 2816 tenisqsuumns„

563 2781 585 2819 u
