1666 3000
24 2626 43 2832 Ἰ

252 157 453 209 uuoltu'rws.
471 157 518 208 lv.
534 162 590 210 866.
715 160 760 206 121

81 284 166 345 Nau,
177 283 261 334 dedere
270 302 319 335 sue
327 296 380 352 post
388 289 493 337 notitiam
503 288 624 337 utilitatis:
711 289 759 334 856

80 351 149 410 Quo
159 364 245 414 genere
254 351 369 415 inprimis
380 368 468 414 sensus,
479 362 502 402 et
512 356 625 411 membru,
636 351 748 400 videmus

80 413 150 474 Qud
165 429 195 461 re
209 414 279 463 etiem
295 425 365 480 etque
380 417 449 466 etiem
466 419 547 482 procul
564 427 605 477 est,
624 426 650 465 ut
669 416 758 464 credere

80 493 367 618 Utilitutrspzdldbflcium
377 546 477 610 potuisse
487 548 565 595 ereum

125 606 195 655 lllud
203 616 259 655 item
268 624 315 659 nou
326 620 360 659 est
369 612 509 670 mirandum,
521 610 620 676 eorporis
630 610 680 673 ipso
710 610 759 656 860

78 671 167 732 Quod
177 680 260 720 murro
269 674 346 722 cibum
357 676 441 740 quaerit
449 676 577 740 quoiusque
587 673 718 723 animantis.

136 736 143 747 '
160 751 194 799 pe
203 743 225 783 et
235 737 296 785 euim
307 739 386 800 fluere,
395 749 465 803 atque
471 741 582 800 recedere,
591 754 684 801 oorpora
691 741 759 786 rebus

80 800 125 850 M
151 809 187 858 ta,
198 800 271 850 modis
281 804 369 863 multis,
381 805 466 853 docui:
482 805 522 852 sed
533 805 634 868 plurimu
643 802 727 850 debent

77 866 133 915 Ex
143 864 298 924 unimodum
315 868 364 917 haec
372 868 427 932 quis
437 877 492 916 sunt
502 870 600 917 exercitu
607 875 687 915 motuz

78 928 222 991 Multaque
231 945 271 993 per
281 931 386 980 sudorem
397 949 426 981 ex
437 932 485 981 ulto
494 949 571 996 pressu
578 933 699 985 terunturg
710 931 756 976 865

78 994 177 1044 Multa
185 1008 227 1068 per
236 1009 261 1042 os
271 996 416 1057 exhalentur,
427 1013 499 1061 quom
509 997 619 1061 languido
628 995 744 1044 mhelant.

77 1058 146 1109 niis
156 1057 229 1133 igitur
238 1061 306 1108 rebus
315 1062 407 1110 rarescit
416 1077 506 1125 eorpus,
518 1071 541 1110 et
550 1061 625 1110 omnis

78 1123 220 1173 Subnutur
226 1132 321 1172 ustura:
339 1125 404 1174 dolor
414 1142 484 1190 quem
496 1127 641 1189 oonsequitur
651 1140 708 1173 rem.

79 1188 227 1251 Propterea,
238 1188 326 1251 eapitur
335 1189 408 1247 cibus,
420 1199 447 1238 ut
456 1191 579 1238 subfuleist
589 1197 660 1247 ortus,

77 1252 125 1303 Et
133 1259 222 1299 meet
231 1251 296 1300 vireis
306 1253 366 1301 iuter
376 1254 458 1312 datus3
474 1264 551 1318 atque,
562 1262 678 1318 patentem
711 1254 761 1309 870

81 1318 140 1367 Per
149 1317 257 1363 membra
266 1332 292 1364 uo
299 1332 376 1376 venus,
388 1326 415 1366 ut
422 1334 524 1366 umorem
535 1321 626 1367 obturet
635 1318 727 1366 edundi.

80 1380 192 1431 Humor
201 1379 256 1428 item
266 1380 360 1430 disoedit
369 1383 394 1429 iu
404 1383 490 1442 omnis,
507 1399 559 1447 que
568 1383 619 1431 loeo
626 1397 744 1447 quomque

81 1447 200 1496 Possunt
208 1444 345 1494 humorem:
362 1448 533 1511 glomerataque
544 1448 618 1496 mults
628 1447 718 1511 vaporis

84 1511 206 1573 corpore,
217 1525 269 1572 que
276 1511 392 1559 stomacho
402 1514 505 1575 prebent
514 1512 619 1560 incendis
629 1521 714 1571 nostro,

84 1574 209 1637 Dissupet
218 1573 339 1624 adveniens
348 1576 433 1639 liquor,
444 1591 471 1624 ec
480 1577 608 1639 restinguit,
625 1584 652 1622 ut
661 1575 737 1638 ignem
748 1590 755 1627 t

84 1640 169 1688 Urere
179 1652 209 1687 ue
217 1639 288 1702 possit
298 1640 358 1688 oelor
369 1640 469 1704 amplius
479 1640 556 1688 aridus
566 1650 636 1687 ortus.
710 1639 758 1692 876

86 1703 132 1753 Sic
141 1702 215 1766 igitur
224 1702 266 1751 tibi
276 1705 359 1752 euhels
369 1705 417 1753 sius
428 1705 456 1753 de
467 1720 559 1768 corpore
569 1711 645 1750 nostro

86 1767 226 1825 Abluitur3
242 1767 275 1816 sio
284 1770 390 1833 expletur
397 1771 478 1831 jejuna
487 1768 578 1832 cupido.

125 1833 209 1893 Nunc,
220 1834 262 1896 qui
272 1833 320 1891 fist,
332 1834 380 1882 otei
387 1849 468 1898 pessus
475 1833 576 1897 proferre
581 1845 701 1894 queamus,
711 1831 759 1885 879

89 1898 178 1958 Quom
187 1896 302 1956 volumus,
308 1914 407 1962 vereque
414 1898 496 1946 datum
504 1897 533 1945 sit
539 1897 643 1943 membra
648 1910 740 1943 movere
749 1913 757 1953 ς

90 1963 137 2022 Et,
148 1977 203 2026 que
212 1977 248 2009 res
257 1970 348 2010 tantum
359 1962 422 2011 hoce'
434 1962 507 2011 oneris
517 1960 650 2026 protrudere
660 1961 732 2008 nostri

90 2026 203 2139 Copplmis
212 2025 316 2086 insuerit,
327 2027 417 2075 dioumr
435 2036 460 2074 tu
471 2027 561 2090 percipe
572 2025 639 2074 dictu·

154 2091 198 2143 'ou
208 2091 285 2139 auimo
295 2101 373 2140 nostro
382 2091 484 2156 primum
495 2091 617 2139 simulacra
627 2091 720 2139 meandi

92 2154 220 2213 Adeidere,
230 2165 299 2221 utque
309 2157 414 2204 animum
424 2156 524 2220 pulsare,
541 2165 568 2203 ut
577 2156 679 2204 diximus
690 2165 757 2204 eruet

94 2220 156 2269 Inde
166 2220 271 2268 voluntas
281 2220 322 2268 dtr
339 2220 486 2284 nequeenim
497 2220 570 2269 fatue
579 2220 660 2284 incipit
669 2220 743 2266 ullam

92 2286 156 2335 Rern
176 2284 306 2350 quisquam
320 2301 392 2350 quem
409 2300 476 2333 mens
495 2285 604 2350 providit,
623 2282 680 2348 quid
695 2282 759 2392 vglgq,

189 2358 260 2399 enter

90 2414 130 2473 Id,
139 2414 204 2479 quod
213 2414 325 2479 providet,
336 2415 399 2464 illius
409 2415 443 2463 rei
452 2423 539 2463 oonstat
548 2415 634 2474 imago.

89 2478 166 2543 Ergo,
175 2479 268 2528 unimus
294 2495 349 2528 uom
360 2496 408 2528 sese
418 2479 450 2527 ito
460 2486 588 2534 conmovet,
599 2483 626 2521 ut
636 2473 692 2519 velit
701 2472 743 2530 ire,

411 2642 419 2667 ‚
690 2634 697 2648 .

91 2672 126 2723 Et
134 2672 203 2725 dide
212 2681 247 2725 est
256 2673 353 2736 futurus,
364 2670 474 2737 quoniam
485 2670 607 2731 ooujunota
617 2673 714 2715 tenetrm

543 2746 566 2781 rt
