1666 3000
147 137 192 183 192
313 134 519 183 LUCRETIUS.
536 130 581 179 VI.
598 133 655 178 648.

177 263 257 310 Hiisoc
266 263 309 311 tibi
320 263 344 309 in
355 264 424 311 rebus
434 264 480 311 late
491 272 525 310 est
535 262 627 325 alteque
637 259 774 312 videndum,

144 327 177 373 Et
187 327 255 390 longe
265 340 357 375 cunetas
367 328 391 374 in
402 327 487 390 parteis
497 325 684 390 despiciundum,
768 320 816 368 olo

142 391 178 439 Ut
188 391 348 448 reminiscaris,
360 407 477 439 summam
487 406 565 439 rerum
576 404 625 438 esse
633 385 785 452 profundam,

142 454 177 501 Et
187 455 272 516 videas,
283 456 366 504 eoelum
377 456 479 503 summai
488 455 558 503 totius
567 468 644 501 unum

143 518 224 576 Quam
235 521 265 568 sit
275 520 369 582 parvolo
378 536 441 583 pers,
453 529 475 567 et
486 534 558 583 quem
568 515 702 566 multesima
712 520 816 564 constet:

143 583 194 630 Nec
204 593 252 631 tote
262 600 324 648 pers,
331 584 402 631 homo
412 586 481 632 terrai
491 592 562 647 quote
569 582 639 630 totins
651 595 721 628 unus·

143 646 215 705 Quod
225 650 283 696 bene
310 648 437 712 repositum
447 649 467 695 si
477 649 546 711 plane
555 654 687 704 contueare,

143 713 182 758 Ac
192 711 269 760 videos
279 728 296 775 p
319 727 357 771 ne,
369 712 447 758 mirari
459 711 534 759 mrrlta
544 710 669 773 relinquas.
769 706 818 754 655

176 775 245 822 Num
256 776 308 840 quis
319 776 381 824 eninr
392 779 495 823 nostrum
506 775 612 834 miratur,
623 773 643 821 si
654 772 708 837 quis
719 772 745 819 in
755 780 819 820 ernis

143 838 246 902 Adcepit
256 840 329 888 calido
339 840 423 889 febrim
434 839 521 887 fervore
531 847 641 896 coortam,

144 903 196 950 Aut
205 904 278 951 ulium
288 919 359 967 quem
371 904 405 952 vis
414 904 489 951 morbi
498 918 540 966 per
549 905 655 951 membre
665 900 770 950 dolorem
780 902 793 948 ἒ

144 967 196 1015 Obt
240 969 294 1016 escit
305 968 367 1015 enim
379 967 455 1015 subito
465 983 513 1031 pes,
524 967 610 1029 adripit
619 981 672 1014 soen

144 984 285 1095 Sepffiolor
293 1031 388 1091 denteis,
400 1032 477 1080 oculos
487 1031 575 1081 invadit
585 1031 610 1077 in
620 1031 699 1094 ipsos3
770 1029 818 1076 666

143 1095 244 1144 Emislit
253 1112 315 1144 sacer
325 1097 394 1159 ignis,
406 1105 429 1144 et
439 1097 494 1155 urit,
505 1111 598 1158 corpore
608 1109 710 1158 serpens,

144 1159 343 1224 Quemquomque
353 1160 462 1222 adripuit,
470 1170 569 1224 partem,
576 1159 682 1223 repitque
689 1172 732 1222 per
739 1166 817 1215 ertus3

145 1222 276 1284 Nimirum,
289 1226 345 1289 quis
355 1233 410 1273 sunt
420 1226 549 1272 multarum
559 1225 648 1272 semina
655 1237 736 1271 rerum
747 1238 755 1278 3

144 1287 179 1336 Et
188 1289 243 1336 sotis
250 1289 300 1337 haec
310 1290 378 1338 tellus
388 1289 472 1346 morbi,
484 1291 621 1351 celumque,
631 1287 690 1335 mali
699 1287 754 1345 fert,

144 1351 214 1399 Unde
225 1353 339 1414 queat-vis
350 1354 448 1401 inmensi
458 1368 598 1417 procrescere
609 1351 693 1399 morbi.
771 1350 820 1396 665

143 1414 182 1463 Sic
192 1414 262 1477 igitur
272 1416 315 1463 toti
326 1418 390 1475 eoelo,
401 1426 521 1481 terreque,
549 1416 663 1464 ulandum
674 1422 709 1464 est

143 1480 184 1527 Ex
196 1478 288 1527 infinito
298 1481 353 1527 setis
363 1481 442 1527 omnia
452 1484 496 1529 sub
542 1483 606 1540 'tara

144 1542 215 1592 Unde
225 1552 318 1608 repente
328 1553 398 1608 queat
408 1545 477 1593 tellus
488 1560 597 1594 concussa
606 1544 703 1603 moveri,

144 1608 236 1672 Perque
246 1624 318 1668 mare,
330 1625 357 1657 ac
368 1616 447 1668 terres,
462 1609 556 1672 rapidus
566 1624 697 1673 percurrere
707 1610 787 1664 turbo,

144 1673 212 1736 Ignis
219 1672 338 1722 abundare
348 1674 464 1733 AEtnaeus,
475 1673 630 1722 flammescere
638 1673 725 1721 eoelum
734 1689 743 1728 ς
770 1673 820 1728 676

144 1737 176 1785 16
184 1753 277 1802 quoque
285 1738 348 1786 enim
356 1739 390 1797 fit,
402 1747 426 1785 et
436 1737 558 1786 ardescunt
567 1737 665 1786 ooelestr’a
673 1737 770 1801 templo.

144 1801 179 1849 Et
189 1811 333 1866 tempestates
344 1802 430 1877 pluvie
438 1803 541 1865 graviore
551 1811 629 1851 coortu

145 1868 216 1926 Sunt,
228 1867 269 1914 ubi
277 1868 336 1915 forte
345 1876 379 1914 ua
389 1883 412 1914 se
419 1866 545 1914 tetulerunt
555 1866 643 1914 semina
652 1880 777 1929 equarum.

177 1931 214 1977 At
223 1930 293 1978 nimis
301 1940 334 1978 est
345 1931 426 1994 ingens
436 1930 536 1978 incendii
546 1930 652 1978 turbidus
661 1930 746 1978 ardor!

146 1994 245 2054 Scilicet,
255 2003 279 2042 et
289 1994 382 2053 fluvius,
395 1996 437 2058 qui
446 1995 517 2053 visus,
528 2009 655 2042 maxumus
665 1994 695 2051 ei,
771 1995 820 2050 675

146 2057 196 2114 Qui
206 2071 253 2104 non
264 2066 317 2106 ante
327 2060 428 2122 aliquem
439 2061 551 2121 majorem
561 2058 634 2106 vidit:
653 2067 677 2106 et
683 2058 766 2122 ingens

146 2122 234 2178 Arbor,
241 2121 365 2185 homoque,
374 2124 479 2179 videtur3
497 2133 519 2171 et
526 2122 610 2177 omnia,
620 2122 649 2169 de
656 2138 740 2185 genere
746 2122 820 2182 omni,

148 2185 264 2232 Maxuma
274 2202 327 2248 quae
337 2187 395 2235 vidit
406 2188 511 2250 quisque,
523 2188 573 2235 haec
583 2187 686 2250 ingentia
695 2187 778 2251 fingit:

147 2249 226 2308 Quom
235 2258 312 2297 tamen
323 2251 401 2298 omnia
410 2267 465 2298 cum
476 2253 540 2310 ooelo,
552 2253 666 2315 terrisque,
677 2252 793 2315 marique,

147 2315 215 2362 Nihil
225 2314 271 2362 sint
281 2315 309 2361 ad
322 2330 438 2363 summam
449 2317 550 2363 summai
560 2316 630 2363 totius
640 2330 744 2363 omnem.
772 2317 820 2363 666

180 2379 343 2438 Nunctemen,
354 2379 394 2426 ille
404 2379 479 2427 modis
487 2381 579 2442 quibus,
591 2380 684 2428 inritata
694 2388 797 2444 repente,

148 2443 257 2490 Flamma
266 2444 326 2491 foros
337 2444 406 2491 vastis
417 2444 496 2490 AEtnae
507 2445 637 2492 fornacibus
647 2445 722 2503 eeflet,

148 2507 288 2570 Expediam.
323 2509 439 2567 Primum,
450 2509 519 2555 totius
530 2511 630 2556 suboovu
638 2509 725 2557 montis

149 2571 194 2617 Est
201 2581 291 2630 notura,
303 2572 350 2619 scre
358 2573 448 2620 silicum
459 2572 562 2620 subfulta
572 2573 682 2621 cavernis.

149 2634 268 2682 Omnibus
279 2644 313 2684 ost
323 2652 390 2698 porro
402 2637 426 2684 in
439 2637 552 2699 speluncis
563 2646 654 2698 ventus,
666 2646 689 2687 ct
700 2640 755 2696 o'e‘r3
773 2640 816 2688 685
