1666 3000
154 192 207 238 oon
307 187 509 237 nucnnnms.
520 187 568 236 v1.
583 187 654 241 1227.
691 155 694 160 ’

154 318 254 368 Volvers
264 319 289 367 in
298 334 338 368 ore
348 320 423 376 licere,
435 328 459 366 et
468 318 519 367 coeli
527 317 615 381 templa
624 314 694 376 tueri,
762 313 822 367 1227

155 382 229 432 llooe'
241 385 292 432 aliis
303 393 351 432 erat
362 384 440 441 exitio,
451 383 571 445 letumque
578 383 682 445 parabat.

188 448 251 496 illud
259 450 283 496 in
289 449 335 497 hiis
343 450 411 496 rebus
418 447 575 495 miserandum
581 459 743 521 magnoopere
750 456 822 491 annm

155 510 318 561 AErumnabile
328 521 392 569 erat3
410 511 482 575 quod,
494 511 547 559 ubei
558 527 582 558 se
593 525 693 573 quisque
700 508 794 556 videbat

155 577 290 639 Inplioitum
301 579 390 635 morbo,
401 576 471 623 morti
481 576 603 623 damnatus
614 584 642 622 ut
653 581 720 632 esset,
762 570 820 618 1231

155 640 270 689 Definiens
281 641 368 699 animo,
380 652 462 688 moesto
473 655 545 703 quom
555 638 622 687 corde
631 639 733 699 jacebat,

154 705 247 753 Funera
257 714 394 769 respectans,
405 705 508 752 animam
519 704 652 751 inmittabat
659 702 769 750 ibeitlom.

188 769 283 833 Quippe
294 779 317 818 et
327 770 390 816 enim
400 770 466 817 nullo
477 770 594 816 cessabant
605 776 711 830 tempore
721 763 793 830 apisci

156 832 392 882 Exaliisaliosavitli
399 833 504 896 oontagia
513 832 606 888 morbi;
763 829 822 878 1235

157 897 282 960 Lanigoras
292 907 411 961 tamquam
422 897 530 961 pecudes,
541 905 564 944 et
574 899 659 944 buoera
670 896 747 944 saclas

157 960 232 1025 quue
240 964 276 1010 vel
283 963 307 1009 in
318 963 399 1025 primis
406 963 541 1009 cumulabat
551 961 632 1008 funere
642 961 723 1008 funus.

157 1026 230 1084 Nam,
242 1027 413 1091 queiquomque
421 1042 477 1074 suos
487 1024 734 1088 fugitabantviseread
744 1037 821 1088 agros,

158 1091 224 1138 Vitat
234 1106 334 1139 mmmm
344 1090 439 1155 cupidos
450 1091 578 1154 mortisque
588 1088 704 1138 timentds

158 1154 265 1203 Poenibat
274 1156 354 1219 paullo
364 1165 417 1219 post
426 1155 489 1220 turpi
500 1164 574 1203 morte
583 1154 704 1218 malique,
767 1150 823 1200 124⁰

158 1219 275 1278 Desertus,
286 1221 336 1284 opis
347 1221 466 1283 experteis,
479 1219 573 1267 Inouria
580 1226 693 1266 mactans.

157 1282 222 1340 Quei
232 1283 323 1332 fuerant
331 1293 410 1332 autem
417 1295 510 1348 prosto,
519 1283 654 1345 contagibus
664 1282 740 1340 ibant,

158 1345 239 1410 Atque
249 1347 336 1409 labore,
347 1349 423 1411 pudor
433 1362 504 1411 quem
511 1356 564 1394 tum
573 1347 669 1409 cogebat
679 1345 753 1405 obire,

158 1410 296 1475 Blandaque
306 1413 419 1459 lassorum
429 1427 483 1471 sou,
494 1410 570 1458 mixti
580 1425 634 1458 voce
645 1410 762 1473 querelas

158 1473 278 1538 Optumus
288 1475 332 1522 hoo
342 1474 383 1522 leti
390 1489 463 1537 genus
474 1490 528 1538 ergo
538 1475 637 1539 quisque
646 1474 748 1522 subibat.
767 1472 822 1521 lato

190 1540 266 1604 Inque
272 1539 324 1587 aliis
330 1539 412 1598 alium,
422 1539 536 1602 populum
547 1539 642 1602 sepelire
652 1553 749 1586 suornm

157 1603 286 1665 certantes,
296 1603 404 1652 lacrumis
414 1603 480 1650 lassei
490 1603 601 1668 luctuque
608 1601 722 1651 redibant.

158 1667 227 1726 Inde,
238 1670 324 1717 bonam
334 1676 432 1733 partem,
438 1667 464 1714 in
475 1667 562 1716 lectum
570 1682 667 1716 moerore
676 1666 804 1717 dnbanmrs

158 1732 209 1781 Noc
219 1741 308 1797 potarat
318 1733 443 1797 quisquam
450 1732 552 1796 reperiri,
559 1747 631 1795 quem
641 1746 717 1795 nequo
724 1733 820 1785 narbas,

157 1797 208 1845 Nec
218 1813 289 1857 mors,
300 1813 342 1847 nso
352 1798 437 1858 luctus,
448 1804 545 1845 oentanoe
552 1806 656 1859 tempore
666 1796 716 1844 tali.
764 1794 820 1843 125⁰

189 1862 311 1922 Praeterea,
320 1863 371 1924 jam
380 1871 466 1925 pastor,
475 1869 498 1909 ot
508 1859 659 1909 armentarius
669 1860 754 1920 omnis,

157 1925 191 1974 Et
202 1927 309 1976 robustus
320 1927 376 1975 item
387 1925 451 1974 curvi
461 1925 591 1989 modorator
601 1924 680 1984 aratri,

157 1989 310 2053 Languebat3
328 1990 465 2055 penitusque
475 1989 527 2038 nasi
537 1997 644 2038 contrusa
652 1989 759 2050 jaoebant

157 2054 268 2116 Corpora,
279 2064 414 2119 paupertate
425 2064 448 2103 et
458 2056 540 2103 morbo
548 2053 625 2102 dedita
634 2054 713 2101 morti.

158 2117 280 2166 Exanimis
290 2120 368 2181 pueris
378 2135 446 2182 super
456 2119 587 2167 exanimata
596 2126 720 2181 parentum
765 2114 817 2164 1255

157 2183 259 2246 Corpora
269 2197 316 2230 non
327 2198 455 2244 numquam
465 2199 541 2248 posses
550 2192 655 2245 retroque
666 2182 743 2231 videre

159 2247 277 2295 Matribus
289 2255 311 2294 et
322 2249 426 2310 patribus
437 2256 518 2310 gnatos
529 2264 597 2311 super
608 2247 674 2294 edere
682 2248 762 2295 vitam.

192 2311 242 2359 Nec
253 2311 384 2360 minumam
399 2321 488 2376 partem
503 2328 533 2359 ex
545 2312 606 2376 agris
620 2326 704 2358 mceros
719 2312 739 2358 is
754 2311 777 2357 in
786 2321 819 2356 ur·

260 2379 314 2425 bern

160 2441 296 2498 Confluxit;
313 2444 426 2506 languens
436 2457 506 2505 quom
516 2441 614 2489 contulit
623 2440 774 2503 agricolarum

161 2506 250 2570 Copias
269 2507 403 2554 conveniens
414 2523 443 2553 ex
454 2506 518 2553 omni
529 2505 634 2553 morbida
645 2513 719 2567 parte,
765 2499 817 2550 126⁰

162 2570 251 2617 Omnia
260 2572 389 2619 condebant
398 2571 457 2626 loca,
464 2578 584 2632 teotaquos
602 2569 666 2633 quod
676 2569 751 2632 magis
762 2564 820 2616 attii

163 2634 273 2681 conserto
284 2634 329 2681 situ
341 2635 463 2683 acervatim
474 2634 541 2682 Mors
552 2633 722 2682 adcumulabat.

190 2697 284 2757 Multa,
296 2699 334 2750 siti
344 2707 469 2765 prostrata,
479 2699 543 2747 uiam
550 2713 603 2761 oar,
611 2712 699 2760 uroque
709 2698 792 2753 voluta,
